3509 5267
1394 884 1768 1017 'CAPUT
1823 916 1957 1006 1'v.
2008 916 2013 923 ·

611 1099 969 1175 Potestas
1019 1082 1350 1173 clavium
1400 1070 1797 1191 Apostolis
1846 1097 2237 1190 confertur
2285 1103 2331 1173 a
2380 1098 2750 1176 Domina

574 1270 678 1331 In·
699 1267 1007 1338 anteriori
1057 1267 1267 1349 capite
1313 1266 1788 1347 disputavimus
1842 1266 1922 1329 de
1970 1266 2400 1350 promissione
2448 1267 2763 1343 clavium;
2813 1279 2878 1332 et

485 1371 778 1450 vidimus,
814 1369 1169 1434 Dominum
1215 1369 1590 1450 promisisse
1637 1368 1773 1433 suis
1817 1369 1985 1433 caris
2031 1369 2391 1451 Apostolis·
2412 1370 2879 1451 amplissimam

486 1482 893 1555 potestatem,-
953 1472 1020 1550 in
1078 1493 1206 1553 qua
1261 1472 1629 1536 continetur
1686 1471 1966 1535 clavium
2024 1481 2311 1553 potestas
2372 1472 2539 1547 sicut
2595 1493 2748 1555 pars
2808 1474 2912 1537 in.

485 1586 644 1640 toto.
729 1575 1033 1639 Vidimus
1075 1575 1269 1638 etiam
1319 1574 1502 1655 (licet
1539 1574 1784 1653 obiter)
1835 1572 2189 1656 Apostolos
2231 1594 2422 1639 veros
2462 1596 2605 1639 esse
2649 1576 2884 1640 Pasto-

488 1698 611 1753 reS‚
654 1678 770 1742 sed
811 1697 952 1742 esse
997 1676 1248 1741 Simoni
1291 1676 1490 1740 Petro
1533 1676 1882 1757 subjectos,
1924 1676 2035 1758 qui
2076 1697 2117 1740 a
2160 1676 2445 1742 Domino
2486 1678 2877 1742 constitutus

485 1791 585 1845 est
637 1780 849 1862 Caput
900 1780 1226 1844 Ecclesiae
1277 1789 1470 1861 atque
1520 1780 1720 1843 totius
1772 1779 2007 1861 gregiS,
2059 1789 2193 1843 tam
2245 1801 2354 1855 sc„
2404 1780 2627 1863 populi
2680 1801 2873 1862 quam

486 1883 838 1947 Rectorum
879 1882 1263 1945 Moderator
1303 1880 1680 1963 supremus,
1819 1895 1825 1901 ·

573 1985 635 2048 N
639 2005 766 2048 unc
818 1985 1338 2065 investigandum
1388 1995 1488 2049 est
1538 1995 1760 2049 utrum
1814 1984 2135 2051 Dominus
2190 2006 2378 2049 suam
2428 1985 2877 2067 adimpleverit

484 2087 1002 2168 promissionem,
1042 2098 1263 2152 utrum
1304 2088 1649 2151 contulerit
1687 2097 2075 2169 potestatem
2117 2087 2526 2169 promissam.
2611 2088 2712 2151 De
2752 2088 2876 2152 hoc

485 2190 733 2252 nullum
764 2189 984 2253 haberi
1015 2200 1228 2270 potest
1259 2189 1546 2265 dubium,
1577 2210 1726 2253 cum
1757 2190 2079 2255 Dominus
2108 2190 2544 2271 proclametur
2576 2190 2643 2253 in
2676 2190 2875 2255 sacris

487 2291 750 2356 Litteris
789 2291 1017 2357 fidelis.
1098 2292 1278 2374 Ergo
1317 2293 1491 2373 quod
1529 2293 1871 2374 promittit,
1911 2292 2239 2374 adimplet.
2324 2293 2679 2357 Dominum
2717 2313 2876 2357 vero

484 2394 822 2476 praefatae
873 2394 1212 2477 potestatis
1263 2395 1762 2477 promissionem
1814 2395 2202 2477 adimplesse
2254 2406 2403 2478 post
2459 2396 2875 2461 resurrectio-

483 2516 632 2559 nem
673 2517 856 2560 suam
892 2496 1243 2577 gloriosam
1281 2498 1536 2561 abunde
1574 2505 1829 2561 constat
1866 2518 1951 2561 ex
1990 2498 2347 2579 Evangelio
2388 2498 2460 2563 S.
2498 2499 2541 2562 J
2543 2498 2791 2562 oannis.

559 2598 678 2661 -En-
726 2600 1163 2663 narrationem
1215 2599 1429 2663 dilecti
1483 2600 1801 2681 Discipuli
1853 2600 2160 2681 Joannis:
2257 2600 2467 2665 “Cum
2517 2622 2674 2683 ergo
2728 2621 2875 2666 sero

484 2711 653 2765 esset
694 2702 797 2765 die
836 2702 966 2775 ino,
1007 2722 1137 2765 una
1178 2702 1613 2776 sabbatorum,
1655 2713 1719 2766 et
1765 2702 1943 2767 fores
1985 2713 2201 2767 essent
2240 2704 2497 2768 clausae
2536 2703 2648 2767 ubi
2689 2713 2875 2767 erant

483 2803 780 2885 discipuli
826 2805 1218 2885 congregati,
1263 2816 1530 2885 propter
1573 2815 1820 2868 metum
1862 2805 2282 2885 Judaeorum,
2329 2806 2508 2870 venit
2548 2804 2762 2887 JesuS,
2810 2816 2874 2869 et

394 2966 400 2971 .
484 2906 661 2970 stetit
703 2907 770 2969 in
810 2906 1046 2981 medic,
1089 2917 1152 2970 et
1194 2906 1362 2970 dixit
1403 2906 1530 2970 eis:
1619 2906 1764 2969 Pax
1805 2907 2009 2971 vobiS.
2095 2907 2182 2971 Et
2222 2928 2371 2971 cum
2415 2909 2537 2972 hoc
2580 2907 2871 2982 dixisset,

483 3009 767 3073 ostendit
819 3008 912 3071 eis
967 3030 1198 3072 manus
1252 3019 1316 3072 et
1370 3010 1557 3073 latus.
1657 3008 1881 3073 Gavisi
1940 3019 2090 3073 sunt
2144 3028 2300 3091 ergo
2356 3010 2675 3092 discipuli,
2730 3010 2873 3075 viso

485 3111 786 3173 Domino,
880 3111 1068 3174 Dixit
1114 3132 1270 3191 ergo
1317 3111 1411 3175 eis
1463 3111 1732 3174 iterum:
1825 3111 1970 3173 Pax
2017 3111 2220 3175 vobis.
2314 3109 2496 3176 Sicut
2544 3112 2721 3176 misit
2768 3131 2873 3174 me

485 3212 700 3287 Pater,
741 3223 804 3276 et
842 3233 962 3294 ego
1000 3214 1188 3277 mitto
1224 3234 1362 3277 νοε.
1446 3213 1630 3277 Haec
1669 3234 1819 3277 cum
1859 3213 2152 3287 dixisset,
2191 3213 2559 3289 insufflavit,
2600 3225 2664 3278 et
2705 3214 2872 3277 dixit

482 3314 610 3379 eis:
704 3315 998 3397 Accipite
1052 3314 1369 3397 Spiritum
1424 3314 1771 3379 Sanctum:
1826 3335 2105 3396 quorum
2159 3315 2536 3380 remiseritis
2588 3325 2871 3404 peccata,

482 3417 901 3480 remittuntur
939 3418 1069 3492 eis;
1107 3428 1172 3481 et
1211 3438 1489 3499 quorum
1530 3417 1927 3481 retinueritis
1967 3427 2217 3481 retenta
2258 3416 2497 3482 sunt”².

568 3520 908 3593 Dominus,
956 3530 1165 3583 morte
1213 3520 1485 3595 devicta,
1531 3540 1572 3583 a
1621 3520 1897 3584 mortuis
1949 3520 2326 3595 resurrexit,
2375 3520 2702 3602 vitamque
2752 3520 2872 3583 im·

481 3623 821 3685 mortalem
855 3622 974 3686 sibi
1008 3624 1426 3704 comparavit.
1505 3621 1727 3686 Prima
1762 3642 1927 3704 quae
1961 3622 2142 3685 novit
2178 3622 2421 3686 Christi
2455 3621 2871 3686 resurrectio-

481 3744 630 3788 nem
667 3724 1021 3788 secundum
1057 3725 1492 3806 evangelicam
1529 3725 1991 3799 narrationem,
2033 3724 2162 3788 fuit
2201 3724 2418 3788 Maria
2459 3725 2871 3807 Magdalena,

480 3847 644 3908 quae
675 3826 997 3890 nuntiavit
1025 3827 1361 3908 Apostolis
1392 3828 1459 3889 in
1487 3827 1836 3891 coenaculo
1864 3827 2272 3919 congregatis
2303 3827 2594 3908 corporis
2627 3826 2869 3892 Christi

479 3929 969 4011 disparitionem
1023 3950 1107 3991 ex
1161 3930 1502 4011 sepulchro
1555 3930 1665 3993 ubi
1720 3929 2104 3994 collocatum
2165 3929 2399 4005 fuerat,
2456 3949 2728 4004 necnon,
2786 3950 2871 3993 ex

483 4031 724 4095 Christi
767 4032 1093 4107 mandam,
1132 4032 1723 4096 extraordinarium
1766 4031 2257 4096 resurrectionis
2298 4041 2620 4096 eventum.

567 4133 725 4198 Post
780 4134 903 4197 hoc
958 4134 1278 4209 nuntium,
1335 4134 1472 4216 ipse
1528 4134 1853 4199 Dominus
1910 4134 2213 4216 dignatus
2269 4144 2368 4198 est
2426 4133 2561 4199 suis
2618 4133 2869 4197 dilectis

480 4235 811 4318 discipulis
862 4255 1174 4318 apparere
1226 4237 1293 4300 in
1343 4238 1692 4302 coenaculo
1742 4247 1998 4300 noctem
2048 4256 2297 4311 versuS,
2351 4236 2494 4317 ipso
2546 4256 2869 4300 resurrec-

476 4338 674 4402 tionis
728 4338 852 4402 die.
953 4337 1188 4402 Statim
1243 4359 1320 4403 ac
1373 4339 1730 4403 Dominum
1784 4340 2088 4403 viderunt
2142 4358 2380 4419 magno
2433 4338 2669 4403 timore
2721 4358 2867 4420 per-

477 4441 686 4505 territi
732 4450 884 4505 sunt
928 4440 1244 4523 discipuli.
1335 4440 1466 4505 Sed
1511 4441 1833 4507 Dominus
1878 4441 2035 4523 ipsis
2081 4440 2293 4503 reddit
2336 4439 2870 4522 tranquillitatem

559 4610 784 4677 1Joan.,
826 4610 908 4675 20,
953 4610 1122 4665 19-23.
1616 4676 1722 4725 (58)
