3509 5267
912 523 1012 586 De
1036 522 1351 608 -Clavium
1385 520 1739 584 Potestatis
1776 520 2146 584 Existentia
2179 521 2398 600 Atque
2432 520 2710 584 Natura.
2931 522 3012 586 67

622 705 785 770 siam
836 725 953 787 per
1005 703 1591 768 reconciliationem
1644 703 2242 785 exomologeticam.
2339 703 2517 785 Ergo
2575 703 2642 769 S.
2703 704 3011 770 Irenaeus

621 807 885 890 agnovit
924 808 992 870 in
1024 807 1322 871 'Ecclesia
1361 816 1747 888 potestatem
1792 805 2244 870 reconciliandi
2285 817 2654 888 peccatores
2696 827 2814 890 per
2855 828 3012 872 exo-

621 910 1021 991 mologesim,
1071 930 1195 974 seu·
1234 930 1364 972 non
1413 909 1679 991 putavit·
1714 908 1994 973 clavium
2042 918 2429 991 potestatem
2477 931 2625 974 cum
2675 910 3010 991 Apostolis

620 1012 1007 1094 exspirasse.

716 1120 830 1201 (d)
882 1120 1075 1184 Fides
1116 1120 1183 1182 in
1222 1121 1668 1200 exsistentiam
1710 1131 1774 1184 et
1813 1120 2324 1202 permanentiam
2363 1121 2642 1186 clavium
2683 1122 2750 1186 in
2791 1123 3011 1187 Eccle-

621 1222 719 1288 sia
751 1223 985 1287 invicte
1018 1233 1211 1304 atque
1243 1222 1598 1287 clarissime
1629 1212 2020 1305 exprimitur
2053 1225 2120 1287 in
2155 1224 2558 1289 institutione
2595 1226 3014 1289 tribunalium

618 1325 1195 1406 poenitentialium.
1281 1326 1351 1390 Si
1392 1327 1563 1389 enim
1603 1327 1886 1408 episcopi
1929 1347 2060 1390 non
2100 1327 2476 1391 habuissent
2514 1327 2794 1392 clavium
2830 1339 3012 1410 pote-

620 1437 874 1503 statem,
910 1449 1262 1509 numquam
1300 1417 1730 1494 instituissent
1766 1429 2144 1510 hujusmodi
2180 1430 2546 1504 tribunalia,
2583 1451 2735 1493 nam
2771 1430 2880 1494 illa
2916 1431 3013 1493 in-

624 1531 875 1594 stitutio
924 1531 1158 1595 fuisset
1204 1532 1541 1613 usurpatio
1586 1532 1749 1596 adeo
1795 1533 2079 1596 enormis
2127 1544 2190 1597 et
2236 1533 2562 1597 horrenda
2608 1544 2680 1597 ut
2728 1533 3012 1614 undique

622 1643 814 1714 atque
888 1654 1113 1698 omnes
1185 1635 1524 1715 protestati
1604 1635 1904 1710 fuissent,
1978 1637 2060 1713 de
2132 1636 2366 1717 quibus
2440 1637 3013 1719 protestationibus

622 1735 872 1799 nullum
924 1737 1108 1800 adest
1154 1737 1518 1819 vestigium.
1613 1738 1792 1820 Ergo
1841 1748 1976 1801 tam
2025 1738 2308 1820 episcopi
2360 1738 2768 1802 instituentes
2817 1760 3012 1820 quam

624 1836 845 1902 fideles
886 1860 954 1902 se
995 1840 1443 1904 submittentes
1482 1842 1830 1904 credebant
1867 1841 2147 1905 clavium
2188 1851 2574 1923 potestatem
2615 1843 2681 1904 in
2723 1842 3013 1906 Ecclesia

621 1940 935 2006 extitisse.

718 2054 825 2135 (e)
883 2053 1101 2116 Etiam
1148 2052 1219 2117 S.
1270 2053 1325 2116 C
1324 2052 1636 2135 yprianus
1682 2053 1974 2133 agnoscit
2023 2053 2089 2115 in
2139 2054 2578 2118 sacerdotibus
2627 2064 3015 2136 potestatem

622 2156 1035 2231 absolvendi;
1094 2155 1353 2218 fortiter
1404 2155 1576 2217 enim
1628 2156 1835 2237 carpit
1886 2177 1997 2220 eos
2048 2156 2158 2237 qui
2211 2158 2295 2220 ad
2350 2155 2416 2220 S.
2474 2156 3014 2244 Communionem

622 2261 937 2324 accedunt
984 2259 1175 2322 “ante
1224 2259 1485 2339 expiata
1536 2258 1787 2334 delicta,
1837 2269 1986 2322 ante
2037 2259 2542 2340 exomologesim
2598 2260 2840 2324 factam
2890 2261 3014 2324 cri-

622 2362 836 2436 minis,
898 2371 1047 2424 ante
1106 2371 1449 2442 purgatam
1512 2361 1972 2425 conscientiam
2037 2360 2352 2424 sacrificio
2415 2370 2479 2424 et
2541 2383 2739 2426 manu
2801 2384 3013 2426 sacer-

625 2464 1316 2528 dotis”¹⁰.—Eamdem
1369 2463 1628 2545 profert
1684 2464 2066 2539 doctrinam,
2122 2465 2384 2545 quando
2438 2464 2660 2528 fideles
2715 2466 3014 2530 hortatur

622 2566 706 2630 ad
752 2565 1267 2630 confessionem:
1356 2565 1849 2631 “Confiteantur
1895 2566 2152 2648 singuli,
2198 2587 2463 2647 quaeso,
2513 2567 2772 2643 fratres,
2821 2568 3014 2632 delic-

621 2673 763 2733 tum
806 2690 1016 2744 suum,
1060 2670 1217 2732 dum
1258 2668 1471 2734 adhuc
1512 2669 1621 2750 qui
1668 2669 1938 2752 deliquit
1982 2670 2048 2732 in
2094 2671 2350 2734 saeculo
2393 2680 2512 2745 est,
2556 2671 2713 2734 dum
2758 2671 3011 2734 admitti

624 2771 954 2835 confessio
1006 2772 1151 2852 ejus
1199 2781 1432 2853 potest,
1485 2772 1641 2835 dum
1694 2772 2058 2846 satisfactio
2110 2783 2174 2836 et
2223 2772 2520 2837 remissio
2586 2772 2836 2853 (facta)
2897 2782 3015 2853 per

619 2875 991 2938 sacerdotes
1023 2875 1197 2956 apud
1232 2875 1446 2938 Deum
1480 2886 1665 2956 grata
1699 2875 2088 2938 est”¹¹.—Et
2123 2875 2190 2938 in
2225 2875 2408 2956 epist.
2447 2876 2531 2939 ad
2565 2872 3016 2939 Antonianum

626 2977 780 3040 dicit
831 2976 1185 3040 Dominum
1233 2978 1710 3058 poenitentibus
1760 2978 2018 3041 veniam
2067 2988 2131 3042 et
2179 2999 2405 3060 pacem
2455 2978 2806 3042 concedere
2858 2978 3014 3060 “per

622 3079 991 3143 sacerdotes
1028 3078 1297 3160 ejus''¹².
1377 3081 1575 3162 Ergo,
1614 3079 1808 3161 juxta
1848 3080 1915 3144 S.
1955 3079 2373 3162 Cyprianum,
2408 3081 2690 3145 clavium
2726 3089 3012 3162 potestas

622 3180 690 3243 in
721 3181 1011 3246 Ecclesia
1040 3193 1393 3263 permanet.

719 3295 825 3376 (f)
874 3297 1190 3360 Eamdem
1231 3297 1427 3362 fidem
1464 3298 1774 3380 exprimit
1812 3297 2232 3362 Firmilianus
2271 3298 2339 3361 in
2378 3319 2496 3362 sua
2535 3297 2720 3379 epist.
2762 3300 2846 3370 ad
2889 3298 2944 3363 C
2942 3320 3014 3381 y-

620 3397 945 3476 prianum.
1041 3400 1149 3463 Ex
1201 3401 1415 3465 verbis
1470 3402 1641 3464 enim
1700 3401 1767 3466 S.
1823 3400 2161 3483 Evangelii
2216 3402 2594 3465 concludit:
2673 3401 3012 3465 “Potestas

626 3520 780 3581 ergo
828 3502 1363 3566 remittendorum
1411 3515 1825 3585 peccatorum
1872 3505 2182 3585 apostolis
2231 3505 2384 3568 data
2433 3513 2549 3579 est,
2597 3515 2661 3568 et
2711 3505 3013 3580 ecclesiis,

618 3629 787 3690 quae
826 3608 914 3671 illi
954 3626 993 3672 a
1032 3607 1293 3671 Christo
1331 3607 1510 3671 missi
1550 3607 2044 3683 constituerunt,
2081 3617 2146 3670 et
2185 3607 2521 3687 episcopis,
2559 3607 2668 3688 qui
2709 3607 2802 3670 eis
2840 3607 3014 3669 ordi-

624 3711 884 3775 natione
920 3710 1163 3774 vicaria
1202 3710 1766 3774 successerunt”¹⁸.
1850 3709 2247 3774 Clarioribus
2288 3729 2442 3790 ergo
2483 3709 2697 3773 verbis
2737 3707 3012 3790 proponi

619 3834 754 3876 non
795 3823 1009 3895 potest
1052 3813 1345 3877 doctrina
1389 3822 1629 3876 nostra.

656 3965 663 3972 ·
719 3927 831 4009 (g)
914 3927 1108 3992 Hanc
1176 3922 1688 4008 permanentiam
1761 3927 1900 3991 sine
1971 3926 2103 3990 ulla
2175 3925 2600 3990 haesitatione
2671 3923 3013 4007 profitetur

504 4098 509 4102 ,
614 4029 964 4110 Oriyenes,
1010 4030 1200 4111 cujus
1244 4030 1539 4094 doctrina
1584 4029 1998 4110 sequentibus
2041 4029 2356 4092 contineri
2401 4030 2689 4111 potest¹⁴.
2782 4027 2853 4092 Si
2897 4027 3014 4089 ali-

619 4132 769 4212 quis
809 4132 1097 4196 fidelium
1135 4133 1201 4195 in
1239 4142 1574 4214 peccatum
1612 4132 1870 4207 labitur,
1909 4133 2112 4195 multa
2152 4132 2364 4194 media
2404 4130 2825 4213 recuperandi
2867 4149 3014 4211 gra-

711 4313 765 4352 10
787 4316 984 4380 Rouet,
1019 4332 1073 4370 n.
1112 4316 1227 4370 551.-

710 4388 764 4426 11
787 4389 986 4454 Rouet,
1028 4409 1080 4444 n.
1119 4390 1233 4444 553.

712 4463 986 4529 12R0uet,
1032 4482 1083 4520 n.
1129 4465 1244 4518 578.

711 4537 766 4576 1⁸
788 4539 985 4603 Rouet,
1024 4557 1075 4594 n.
1114 4540 1226 4594 602.

618 4695 661 4744 p
712 4611 767 4649 14
786 4613 911 4736 2C⁹f5n
958 4613 1249 4680 Tixeront,
1295 4613 1553 4670 Histoire
1596 4614 1695 4670 des
1738 4603 2005 4680 DogmeS,
2051 4614 2096 4669 Ι.
2139 4615 2222 4670 La
2265 4614 2576 4680 Theologie
2618 4613 3016 4677 Anteniceene,

666 4698 750 4746 ag.
888 4725 899 4736 .
