3509 5267
570 537 693 600 124
870 537 971 598 De
1010 534 1308 598 Cluvium
1339 535 1694 599 Potestatis
1728 533 2100 599 Existentia
2134 536 2352 616 Atque
2388 536 2666 600 Natura.

566 738 699 782 non
736 717 892 782 dicit
935 716 1213 782 faciliter
1253 717 1619 800 impugnari
1659 737 1794 782 non
1832 737 2024 800 posse
2065 719 2450 784 sententiam
2491 721 2572 784 de
2613 732 2960 804 praecepto

566 819 1019 896 ecclesiastico,
1065 819 1267 884 immo
1312 820 1393 883 de
1445 819 1623 884 facto
1670 830 1734 884 et
1781 830 2042 885 strenue
2092 821 2488 905 sententiam·
2529 822 2704 887 illam
2750 825 2958 889 tribus

568 922 927 987 rationibus
956 921 1239 986 refutat:
1271 921 1347 1001 a)
1389 921 1581 1004 “quia
1614 921 1904 986 Ecclesia
1935 943 2068 986 non
2101 932 2481 988 attentasset
2510 934 2648 989 tam
2679 926 2958 990 arduum

486 1073 501 1088 .
564 1033 981 1108 praeceptum
1018 1024 1349 1106 imponere
1386 1023 1686 1089 omnibus
1728 1024 2135 1101 Christianis,
2171 1026 2297 1090 nisi
2335 1037 2506 1091 esset
2541 1037 2958 1110 praeceptum

568 1126 924 1203 divinum”‚
974 1127 1055 1206 b)
1115 1127 1269 1208 quia
1320 1127 1416 1190 “si
1468 1127 1627 1192 haec
1678 1127 1900 1209 opinio
1951 1148 2109 1193 vera
2159 1139 2350 1204 esset,
2401 1129 2734 1195 videretur
2783 1131 2958 1213 quod

568 1229 749 1311 Papa
792 1249 925 1293 non
966 1238 1294 1294 teneretur
1333 1229 1649 1304 confiteri,
1694 1230 1846 1311 quia
1891 1230 2056 1294 sicut
2097 1230 2371 1296 habetur
2413 1231 2645 1308 Extra,
2689 1233 2770 1296 de
2813 1253 2960 1296 ver-

568 1333 799 1395 borum
835 1331 1324 1414 siynificatione,
1361 1331 1546 1395 Exiit
1583 1332 1695 1412 qui
1728 1333 2026 1408 seminat,
2063 1352 2196 1396 non
2231 1332 2423 1397 habet
2459 1333 2804 1415 imperium
2839 1355 2961 1416 par

566 1434 635 1496 in
671 1433 959 1516 parem'',
996 1444 1062 1498 et
1098 1434 1172 1513 c)
1219 1433 1413 1517 “quia
1449 1454 1583 1498 non
1620 1434 1947 1498 invenitur
1985 1434 2095 1498 ubi
2135 1435 2217 1499 ab
2257 1435 2546 1500 Ecclesia
2587 1436 2958 1524 imponatur

567 1536 741 1601 istud
794 1535 1271 1618 praeceptum”.
1372 1535 1509 1601 Sibi
1566 1537 1793 1617 objicit
1849 1536 2014 1600 Ven.
2071 1536 2188 1600 Dr.
2245 1535 2443 1601 Conc.
2500 1537 2956 1602 Lateranense.

566 1638 652 1701 Et
711 1639 795 1703 ad
854 1639 978 1702 hoc
1038 1638 1384 1720 respondet
1444 1639 1633 1719 longe
1694 1648 1846 1702 ante
1905 1638 2348 1720 Augustinum
2409 1650 2473 1703 et
2535 1639 2959 1704 Ambrosium

566 1740 854 1822 aliosque
905 1741 1144 1805 multos
1193 1740 1601 1822 praedicasse
1654 1740 2176 1805 “confessionem
2227 1741 2416 1805 valde
2470 1761 2612 1806 esse
2665 1761 2960 1805 necessa·

566 1843 791 1907 riam”.
872 1842 959 1905 Et
1016 1843 1279 1907 tandem
1336 1842 1663 1907 concludit
1720 1841 2308 1907 “fundamentum”
2367 1843 2571 1907 divini
2630 1842 2956 1926 praecepti

565 1945 999 2010 confessionis
1054 1944 1538 2010 sacramentalis
1590 1944 1905 2009 contineri
1961 1945 2029 2008 in
2079 1945 2294 2018 verbis
2350 1944 2417 2008 S.
2469 1945 2763 2026 Joannis,
2816 1964 2956 2026 cap.

566 2051 682 2111 20:
773 2046 1076 2129 Quorum
1125 2047 1500 2112 remiseritis
1548 2056 1832 2129 peccata,
1880 2047 2298 2111 remittuntur
2347 2047 2440 2111 ei's
2487 2097 2502 2112 .
2549 2097 2564 2112 .
2611 2098 2627 2112 .
2722 2045 2956 2111 Scotus

566 2150 766 2231 igitur
808 2150 967 2212 nihil
1012 2150 1168 2214 dicit
1209 2149 1384 2232 quod
1428 2151 1716 2214 dissonet
1761 2150 1842 2214 ab
1888 2149 2215 2215 Ecclesiae
2264 2149 2577 2224 doctrina,
2623 2159 2688 2214 et
2733 2169 2958 2214 conse-

562 2262 835 2334 quenter
870 2252 1092 2317 Estius
1127 2252 1287 2315 nihil
1320 2253 1497 2316 aliud
1537 2252 1691 2315 fecit
1724 2252 1849 2316 nisi
1887 2251 2052 2316 Ven.
2092 2251 2359 2316 Scotum
2394 2251 2794 2316 calumniari.

648 2378 963 2452 Pesch²⁵⁹,
1020 2377 1318 2442 adductis
1372 2377 1771 2458 argumentis
1827 2377 1953 2440 “ex
2013 2376 2080 2442 S.
2141 2376 2539 2460 Scriptura”,
2596 2376 2954 2442 concludit:

564 2479 800 2544 “Unde
837 2480 1159 2544 immerito
1194 2480 1435 2544 scotus
1470 2481 1742 2555 dubitat,
1778 2501 1937 2543 num
1971 2501 2056 2544 ex
2090 2479 2162 2545 S.
2197 2481 2252 2544 S
2253 2467 2540 2561 criptura
2572 2479 2957 2544 sufficienter

562 2582 769 2662 possit
828 2583 1179 2647 necessitas
1238 2582 1672 2663 confessionis
1729 2582 1996 2663 probari
2039 2632 2053 2646 .
2101 2632 2115 2646 .
2164 2633 2178 2646 .
2263 2583 2463 2647 Recte
2523 2593 2741 2646 autem
2800 2582 2956 2646 dicit

560 2684 813 2748 Suarez
878 2694 1026 2748 ante
1094 2705 1271 2749 conc.
1338 2685 1489 2748 trid.
1560 2684 1737 2749 Scoti
1809 2684 2112 2766 loquendi
2180 2685 2447 2749 modurn
2515 2684 2770 2749 tolerati
2839 2705 2955 2766 po-

563 2787 765 2850 tuisse
811 2837 825 2851 .
873 2837 887 2851 .
935 2787 994 2851 .”
1070 2787 1200 2852 Sed
1233 2788 1336 2851 vel
1370 2787 1508 2870 ipse
1542 2787 1749 2852 Pesch
1781 2807 1915 2850 non
1947 2788 2210 2852 adducit
2241 2789 2440 2852 verba
2477 2787 2542 2852 S.
2581 2787 2955 2871 Scripturae

564 2889 883 2969 explicite,
931 2889 1300 2954 immediate
1348 2898 1411 2953 et
1458 2890 1790 2954 evidenter
1837 2889 2216 2970 hujusmodi
2266 2891 2715 2956 necessitatem
2762 2901 2955 2973 atque

561 3002 977 3073 praeceptum
1055 2992 1539 3056 sacramentalis
1617 2992 2052 3056 confessionis
2133 2993 2548 3074 imponentia.
2653 2992 2956 3056 Procedit

566 3093 773 3157 Pesch
806 3095 1002 3157 modo
1037 3094 1360 3174 arguitivo
1394 3105 1457 3158 et
1492 3095 1872 3158 deductivo:
1909 3095 2123 3176 arguit
2157 3115 2242 3158 ex
2278 3094 2620 3160 collatione
2655 3095 2952 3160 clavium.

563 3195 751 3276 Quae
812 3196 1154 3260 methodus
1214 3205 1311 3259 est
1370 3193 1712 3260 methodus
1774 3197 1940 3261 Ven.
2005 3196 2202 3261 Scoti.
2286 3196 2570 3277 Ideoque
2631 3197 2954 3260 immerito

565 3298 772 3362 Pesch
814 3298 1059 3362 invehit
1101 3299 1168 3361 in
1213 3297 1498 3365 Scotum.
1588 3299 1922 3364 Immerito
1962 3300 2158 3363 etiam
2200 3308 2426 3363 contra
2472 3298 2636 3364 Ven.
2686 3298 2954 3364 Scotum

563 3400 797 3464 citatur
845 3400 1040 3464 Cone.
1088 3401 1307 3476 Trid.;
1352 3422 1503 3465 narn
1552 3401 1748 3466 Cone.
1796 3402 1977 3480 Trid.
2029 3402 2170 3464 unit
2214 3400 2412 3466 verba
2462 3399 2528 3465 S.
2579 3401 2954 3483 scripturae

562 3523 712 3566 cum
780 3501 846 3566 S.
914 3503 1313 3568 Traditione.
1402 3503 1518 3567 Ait
1584 3505 1791 3567 enirn:
1882 3505 2032 3567 “Ex
2096 3505 2500 3569 institutione
2567 3506 2951 3570 sacramenti

561 3605 995 3685 poenitentiae
1050 3605 1187 3685 jam
1243 3607 1563 3687 explicata
1619 3607 1924 3670 universa
1979 3607 2269 3672 Ecclesia
2323 3616 2581 3687 semper
2635 3607 2955 3672 intellexit

563 3707 929 3772 institutum
968 3728 1109 3772 esse
1150 3709 1345 3772 etiam
1382 3729 1421 3772 a
1450 3709 1743 3773 Domino
1785 3710 2103 3790 integram
2140 3720 2554 3792 peccatorum
2592 3709 2953 3782 confessio-

561 3828 711 3872 nem
770 3820 833 3872 et
893 3811 1192 3874 omnibus
1250 3821 1399 3892 post
1456 3812 1850 3892 baptismum
1910 3811 2108 3893 lapsis
2167 3810 2316 3892 jure
2376 3812 2598 3876 divino
2661 3831 2954 3876 necessa·

459 3999 463 4003 ,
565 3911 870 3975 riam'’²⁰⁰.
960 3911 1260 3977 Christus
1308 3913 1628 3977 Dominus
1673 3915 1852 3977 dedit
1897 3913 2176 3978 clavium
2221 3923 2608 3995 potestatem
2655 3914 2954 3979 sacerdo·

561 4014 753 4088 tibus,
787 4021 1025 4097 e'osque
1059 4015 1429 4096 “praesides
1464 4026 1528 4080 et
1562 4016 1586 4096 j
1594 4015 1856 4080 udices”
1891 4015 2244 4081 constituit.
2324 4015 2595 4081 Constat
2629 4036 2714 4080 ex
2749 4016 2952 4080 altera

560 4126 745 4197 parte
801 4116 1210 4180 “sacerdotes
1266 4117 1585 4198 judicium
1642 4119 1764 4182 hoc
1823 4117 2150 4199 incognita
2205 4137 2402 4182 causa
2459 4137 2762 4182 exercere
2821 4136 2953 4180 non

561 4217 911 4298 potuisse”.
1006 4218 1128 4281 Ex.
1162 4219 1262 4283 his
1311 4219 1565 4284 duobus
1618 4219 1811 4284 factis
1860 4220 2151 4285 Ecclesia
2199 4220 2455 4301 colleyit
2504 4220 2952 4284 necessitatem

559 4320 909 4402 confitendi
940 4321 1159 4385 omnia
1186 4331 1449 4403 peccata
1478 4323 1778 4387 mortalia
1807 4341 2059 4387 necnon
2087 4332 2152 4386 et
2181 4321 2698 4386 circumstantias
2727 4341 2951 4403 pecca-

560 4432 777 4486 torum
819 4433 1144 4488 mutantes
1187 4423 1501 4504 speciem:
1586 4423 1734 4487 “Ex
1776 4424 1876 4489 his
1921 4423 2261 4505 colliqitur,
2305 4434 2606 4505 oportere
2647 4443 2688 4486 a
2728 4422 2952 4503 poeni-

560 4525 843 4589 tentibus
906 4526 1142 4590 omnia
1220 4536 1485 4608 peccata
1562 4526 1862 4590 mortalia
1909 4576 1922 4591 .
1970 4576 1985 4590 .
2033 4577 2048 4591 .
2088 4524 2156 4588 in
2237 4525 2651 4599 confessione
2735 4543 2952 4588 recen-

644 4694 730 4734 150
748 4696 837 4750 De
884 4695 1120 4761 Poenit.,
1164 4713 1289 4762 pag.
1340 4698 1451 4752 177.
1605 4697 1689 4736 1⁰⁰
1709 4698 2070 4764 Denz.—Ban.,
2108 4716 2160 4753 n.
2199 4697 2313 4752 899.
