3509 5267
556 535 677 597 138
1626 527 1886 589 Theses.

558 715 705 790 fuit,
752 735 884 779 non
928 733 1087 780 vero
1132 711 1508 794 simpliciter
1555 709 1850 782 effectus,
1897 707 2113 791 operis
2161 706 2543 790 redemptivi
2593 726 2634 770 a
2681 705 2946 770 Christo

549 817 1015 891 consummati;
1045 825 1265 879 errant
1296 813 1569 896 proinde
1599 812 1709 893 qui
1741 820 2125 893 conceptum
2157 809 2545 873 catholicum
2575 828 2740 890 pure
2772 810 2944 888 lega-

553 921 679 985 lem
714 928 964 1002 putant.
2877 940 2881 944 ·

1599 1016 1886 1079 XXXV.

638 1141 987 1205 Interactio
1035 1137 1515 1203 misericordiae
1565 1147 1629 1201 et
1679 1135 1971 1216 justitiae
2019 1133 2297 1207 divinae,
2345 1141 2542 1215 prout
2589 1131 2671 1195 ab
2723 1130 2943 1212 Ange-

549 1245 673 1309 lico
715 1245 998 1307 Doctore
1038 1243 1419 1324 explicatur,
1465 1239 1867 1320 redemptivo
1910 1236 2089 1318 operi
2135 1234 2493 1300 Salvatoris
2535 1232 2940 1316 explicandO,

550 1368 681 1411 non
719 1367 953 1429 parum
994 1345 1281 1409 inservit.

1575 1443 1898 1506 XXXVI.

632 1569 951 1633 “Divinae
989 1565 1365 1631 revelationi
1403 1564 1818 1629 tribuendum
1855 1572 1954 1626 est
1994 1570 2067 1625 ut
2101 1580 2197 1636 ea,·
2235 1579 2400 1641 quae
2438 1558 2505 1620 in
2544 1555 2736 1621 rebus
2775 1553 2938 1620 divi-

547 1673 649 1737 nis
708 1672 1029 1735 humanae
1088 1669 1323 1733 rationi
1382 1687 1498 1750 per
1557 1688 1624 1730 se
1687 1663 2002 1746 impervia
2060 1683 2192 1725 non
2253 1670 2425 1735 sunt,
2485 1660 2553 1722 in
2612 1657 2935 1742 praesenti

546 1795 801 1857 quoque
851 1773 1107 1854 generis
1155 1771 1421 1835 humani
1472 1769 1841 1832 conditione
1891 1766 1973 1831 ab
2025 1764 2325 1829 omnibus
2376 1761 2696 1844 expedite,
2747 1759 2937 1822 firma

542 1877 927 1941 certitudine
987 1885 1051 1938 et
1107 1874 1286 1937 nullo
1342 1873 1636 1936 admixto
1695 1889 1916 1934 errore
1975 1866 2275 1950 cognosci
2335 1863 2628 1948 possint'’
2699 1861 2933 1944 (Cone.

546 1980 696 2043 Vat.
734 1978 955 2042 Const.
992 1977 1120 2040 Dei
1152 1976 1379 2050 Filius,
1416 1995 1556 2056 cap.
1597 1973 1753 2052 ΙΙ.).

1552 2124 1913 2187 XXXVII.

626 2250 997 2314 “Primatus
1026 2246 1497 2328 jurisdictionis
1526 2245 1593 2307 in
1621 2245 1994 2308 universam
2024 2241 2146 2304 Dei
2177 2238 2534 2303 Ecclesiam
2563 2234 2932 2299 immediate

540 2364 605 2416 et
645 2353 884 2416 directe
926 2351 1115 2415 beato
1158 2350 1354 2412 Petro
1395 2346 1689 2429 apostolo
1730 2345 2001 2409 collatus
2047 2343 2175 2406 fuit
2215 2363 2255 2405 a
2299 2341 2560 2405 Christo
2606 2334 2930 2401 Domino'’

551 2455 784 2536 (Cone.
830 2454 979 2517 Vat.
1024 2452 1245 2516 Const.
1286 2453 1527 2515 Pastor
1565 2458 1887 2523 aeternus,
1927 2466 2067 2527 cap.
2113 2443 2306 2523 III.).

1530 2600 1928 2664 XXXVIII.

628 2726 1048 2790 Successores
1102 2723 1271 2787 beati
1328 2722 1505 2785 Petri
1560 2721 1627 2784 in
1679 2720 1963 2803 primatu
2018 2727 2169 2780 sunt
2224 2713 2574 2778 Pontifices
2629 2709 2929 2784 Romani,

538 2830 812 2910 ideoque
841 2848 997 2892 vera
1028 2826 1269 2890 Christi
1300 2825 1589 2888 Ecclesia
1618 2845 1703 2887 ex
1734 2822 1973 2886 unione
2003 2840 2152 2883 cum
2183 2817 2334 2882 sede
2366 2817 2664 2878 Romana
2691 2813 2930 2894 ubique

539 2931 995 3012 distinguenda
1034 2939 1150 2993 est.

1565 3028 1891 3093 XXXIX.

626 3151 1080 3234 Magisterium
1129 3149 1470 3213 infallibile
1520 3149 1800 3213 instituit
1850 3148 2150 3212 Christus
2200 3149 2268 3211 in
2319 3147 2609 3211 Ecclesia
2658 3168 2795 3211 sua.

1658 3300 1800 3365 XL.

622 3415 730 3477 Ex
799 3395 1039 3478 Christi
1110 3413 1512 3477 institutione
1579 3412 1879 3476 omnibus
1949 3412 2262 3475 incumbit
2330 3412 2638 3494 obligatio
2705 3420 2929 3476 veram

540 3517 897 3580 Ecclesiam
948 3515 1377 3597 implectendi,
1428 3515 1701 3596 ideoque
1753 3514 2076 3578 reicienda
2126 3526 2223 3578 est
2273 3515 2453 3579 notio
2504 3534 2728 3580 omnes
2784 3514 2930 3577 reli-

532 3619 747 3701 gionis
798 3618 1204 3682 Christianae
1255 3618 1504 3682 formas
1551 3638 1753 3699 aeque
1802 3617 2005 3682 bonas
2056 3637 2216 3681 esse.

1639 3770 1818 3833 XLI.

588 3880 593 3884 “
622 3878 1053 3954 Desiderium,
1094 3878 1288 3941 etiam
1327 3877 1642 3952 inefficaX,
1683 3879 1774 3941 rei
1813 3878 2040 3952 malae,
2079 3888 2144 3943 et
2180 3879 2491 3959 gaudium
2530 3878 2612 3942 de
2650 3899 2720 3942 re
2758 3877 2926 3941 mala

531 3981 813 4045 induunt
855 3981 1167 4044 malitiam
1209 3980 1573 4063 specificam
1614 3991 1755 4044 tum
1798 3980 2036 4060 objecti
2078 3991 2219 4044 tum
2258 3981 2926 4055 circumstantiarum;

535 4083 874 4147 delectatio
916 4103 1176 4147 morosa
1219 4083 1430 4147 induit
1471 4083 1784 4146 malitiam
1828 4083 2087 4163 objecti,
2132 4103 2265 4146 non
2306 4104 2463 4147 vero
2504 4082 2928 4146 circumstan-

530 4186 795 4260 tiarum,
848 4185 972 4248 nisi
1026 4186 1196 4249 circa
1250 4185 1425 4268 ipsas
1477 4195 1774 4250 versetur
1827 4185 2185 4250 delectatio,

1617 4334 1834 4398 XLII.

622 4454 874 4517 Bellum
914 4473 1031 4536 per
1073 4474 1141 4517 se
1183 4453 1429 4518 licitum
1470 4464 1588 4529 est,
1630 4454 1767 4518 sive
1811 4439 1895 4517 ad
1938 4453 2248 4534 injuriam
2291 4453 2744 4536 repellendam,
2790 4453 2926 4516 sive

529 4555 620 4620 ad
651 4555 759 4636 jus
793 4556 1207 4637 Reipublicae
1238 4556 1735 4631 vindicandum;
1770 4555 2062 4620 illicitum
2096 4566 2312 4619 tamen
2348 4564 2447 4619 est
2481 4555 2549 4618 in
2583 4555 2725 4638 ipso
2757 4553 2926 4616 bello

528 4658 775 4720 directe
814 4657 1146 4722 intendere
1186 4669 1461 4722 mortem
1500 4659 1725 4723 hostis.
