3509 5267
904 550 1007 614 De
1046 549 1343 614 Clavium
1376 548 1731 620 Potestatis
1767 547 2138 612 Existentia
2171 548 2388 628 Atque
2423 549 2702 612 Natura.
2922 550 3004 612 81

615 717 937 800 Dominus
968 734 1141 798 enim
1169 753 1302 797 non
1331 731 1520 796 dicit:
1550 751 1830 814 quorum
1862 731 2340 812 quodammodo
2374 730 2751 797 remiseritis
2781 750 3007 815 pecca·

614 847 681 901 ta
727 888 742 902 .
790 887 804 901 .
852 887 866 902 .
960 836 1091 901 Sed
1140 835 1516 918 simpliciter
1565 854 1681 898 seu
1730 834 1870 898 sine
1919 834 2052 898 ullo
2099 833 2326 898 additu
2377 833 2566 898 dicit:
2660 833 3004 916 “Quorum

614 939 990 1004 remiseritis
1027 947 1311 1021 peccata,
1353 937 1772 1002 remittuntur
1813 936 1966 1001 eis”.

1006 1127 1043 1207 ξ
1089 1131 1148 1192 3.
1238 1126 1479 1208 Opinio
1530 1128 1991 1192 nonnullorum
2040 1124 2612 1191 Scholasticorum.

1781 1269 1833 1334 1.

1331 1411 1571 1494 Opinio
1604 1412 1749 1494 ipsa
1784 1413 1863 1476 de
1899 1409 2284 1478 ostensione.

701 1536 1015 1602 Nonnulli
1067 1536 1635 1611 Scholasticorum,
1682 1547 1758 1601 ut
1806 1535 2014 1600 refert
2060 1536 2262 1618 Huyo
2310 1557 2352 1600 a
2397 1535 2468 1601 S.
2523 1535 2862 1612 Victore⁴⁹,
2909 1544 3004 1599 te-

613 1651 894 1704 nuerunt
934 1640 1299 1704 sacerdotes
1338 1660 1593 1720 semper
1631 1650 1695 1705 et
1730 1640 2184 1704 tantummodo
2224 1640 2561 1704 ostendere
2599 1649 3005 1722 peccatorem

614 1743 897 1808 solutum
956 1742 1060 1807 vel
1121 1743 1389 1824 ligatum
1449 1762 1624 1806 esse:
1729 1743 2014 1806 “Dicunt
2074 1742 2536 1824 quidam—ait
2596 1742 2820 1825 Hugo,
2883 1743 3002 1808 loc.

614 1846 1001 1928 cit.,—quod
1057 1845 1216 1909 illud
1271 1846 1447 1926 quod
1503 1845 1805 1909 sacerdos
1862 1845 2098 1910 dicitur
2155 1846 2424 1922 solvere,
2481 1866 2614 1910 non
2669 1855 2768 1911 est
2826 1845 3003 1912 aliud

614 1968 807 2030 quam
850 1949 1133 2013 solutum
1174 1948 1548 2012 ostendere:
1590 1948 1888 2012 similiter
1928 1948 2164 2012 dicitur
2204 1948 2424 2031 ligare,
2466 1948 2534 2014 id
2573 1958 2691 2024 est,
2734 1948 3004 2031 ligatum

613 2050 1235 2115 ostendere”.-—Pro
1273 2051 1393 2115 hac
1432 2051 1748 2115 sententia
1789 2051 2072 2116 citantur
2107 2053 2346 2116 Petrus
2384 2052 2813 2128 Lombardus,
2856 2052 3004 2116 Ma-

611 2153 813 2234 gister
874 2152 1376 2229 Sententiarum,
1432 2154 1813 2218 Alexander
1868 2153 1942 2216 H
1943 2155 2198 2231 alensiS,
2255 2154 2365 2236 qui
2423 2155 2674 2236 primus
2732 2154 3005 2219 Senten-

612 2254 851 2319 tiarum
900 2256 1156 2330 librum,
1203 2265 1534 2338 tamquam
1585 2265 1859 2333 textum,
1906 2258 1974 2320 in
2022 2257 2258 2322 scholis
2305 2257 2618 2334 adhibuit,
2665 2257 2738 2324 S.
2787 2259 3009 2323 Bona-⁶

611 2367 905 2435 ventura,
940 2357 1193 2440 aliique.

695 2463 895 2546 Quod
929 2465 1168 2528 Petrus
1204 2462 1496 2526 docuerit
1531 2462 1699 2527 hanc
1734 2462 2120 2526 sententiam
2156 2462 2378 2543 negari
2416 2483 2549 2527 non
2583 2473 2816 2546 potest,
2853 2484 3002 2528 cum

611 2568 781 2631 clare
831 2577 1050 2649 pateat
1100 2587 1185 2629 ex
1237 2586 1357 2629 suo
1406 2565 1512 2628 lib.
1569 2565 1668 2628 IV
1724 2564 1923 2639 Sent„
1975 2564 2123 2629 dist.
2177 2564 2440 2642 XVIII,
2492 2565 2601 2628 ubi
2656 2565 2824 2630 inter
2875 2567 3002 2630 alia

614 2669 768 2734 dicit
818 2669 1017 2750 “quid
1069 2668 1462 2733 tenendum”
1514 2667 1618 2743 sit,
1670 2667 1864 2749 juxta
1916 2667 2149 2749 ipsum,
2203 2667 2373 2731 circa
2424 2667 2868 2748 quaestionem
2921 2669 3002 2731 de

612 2782 930 2854 potestate
977 2771 1219 2853 lig-andi
1268 2781 1462 2852 atque
1510 2769 1838 2834 solvendi:
1930 2769 2122 2834 “Hoc
2171 2790 2327 2835 sane
2375 2769 2588 2835 dicere
2638 2791 2713 2835 ac
2763 2769 3001 2835 sentire

609 2894 975 2955 possumuS,
1008 2894 1171 2955 quos
1204 2874 1381 2938 solus
1413 2874 1591 2937 Deus
1622 2883 1958 2955 peccatum
1993 2872 2259 2937 dimittit
2291 2893 2367 2937 ac
2402 2873 2653 2948 retinet,
2687 2884 2751 2938 et
2782 2883 3001 2937 tamen

612 2975 939 3040 Ecclesiae
980 2976 1252 3040 contulit
1292 2985 1677 3058 potestatem
1721 2974 1964 3056 ligandi
2005 2985 2070 3038 et
2112 2974 2438 3050 solvendi;
2481 2976 2596 3039 sed
2635 2974 2823 3039 aliter
2864 2973 3001 3056 ipse

613 3079 805 3143 solvit
846 3089 910 3142 et
951 3078 1126 3160 ligat,
1168 3079 1356 3142 aliter
1398 3077 1705 3143 Ecclesia.
1796 3078 1946 3159 Ipse
1987 3076 2160 3140 enim
2202 3098 2320 3159 per
2361 3098 2430 3141 se
2474 3087 2728 3141 tantum
2770 3077 2860 3142 ita
2904 3077 3002 3141 di-

612 3181 809 3244 mittit
859 3190 1215 3263 peccatum,
1266 3181 1443 3262 quod
1492 3191 1557 3245 et
1608 3180 1894 3244 animam
1945 3179 2216 3244 mundat
2267 3179 2350 3244 ab
2401 3179 2693 3245 interiori
2748 3180 3002 3244 macula

614 3292 676 3346 et
724 3303 764 3347 a
813 3283 1029 3348 debito
1076 3294 1377 3347 aeternae
1425 3283 1654 3348 mortis
1702 3282 2012 3347 solvit”⁵⁰.
2105 3283 2302 3346 “Non
2350 3293 2568 3346 autem
2618 3283 2741 3347 hoc
2792 3302 3002 3347 sacer-

612 3385 870 3449 dotibus
930 3386 1267 3460 concessit,
1330 3386 1562 3468 quibus
1623 3396 1842 3450 tamen
1900 3385 2127 3449 tribuit
2186 3394 2572 3467 potestatem
2634 3386 2875 3467 ligandi
2938 3396 3002 3449 et

612 3487 923 3562 solvendi,
952 3487 1019 3551 id
1045 3498 1163 3563 est,
1192 3487 1499 3553 OSTEN
1505 3489 1695 3567 DEN
1702 3489 1800 3551 DI
1829 3488 2124 3552 homines
2152 3488 2385 3569 ligatos
2412 3489 2515 3553 vel
2547 3488 2794 3553 solutos
2839 3539 2854 3552 .
2901 3537 2916 3551 .
2965 3538 3000 3564 .,

612 3589 784 3671 quia,
834 3590 954 3654 etsi
1008 3590 1240 3672 aliquis
1293 3591 1468 3672 apud
1520 3593 1738 3654 Deum
1791 3591 1874 3655 sit
1928 3590 2197 3664 solutus,
2252 3611 2384 3654 non
2435 3601 2655 3655 tamen
2708 3591 2776 3653 in
2834 3591 3002 3655 t’acie

611 3691 937 3756 Ecclesiae
982 3694 1231 3758 solutus
1273 3687 1546 3758 habetur
1589 3693 1712 3758 nisi
1756 3714 1874 3776 per
1919 3693 2271 3758 sacerdotis
2315 3693 2750 3775 judicium”⁵¹.

598 3797 601 3801 ’
696 3798 935 3881 Quoad
989 3800 1444 3864 Alexandrum
1500 3801 1573 3864 H
1575 3802 1878 3877 alensem,
1937 3820 2040 3865 res
2098 3801 2286 3864 aliter
2340 3800 2607 3866 omnino
2664 3821 2734 3866 se
2791 3799 3000 3864 habet.

614 3901 1021 3966 Praedictam
1059 3903 1231 3967 enim
1268 3903 1638 3985 opinionem
1677 3924 1810 3967 non
1850 3903 2057 3978 docet,
2095 3904 2296 3968 immo
2334 3923 2640 3985 expresse
2682 3904 3001 3985 reprobat,

562 4019 573 4030 ¹
611 4025 759 4068 cum
780 4004 980 4075 dicit:
1056 4005 1284 4069 “Haec
1316 4005 1633 4070 sententia
1665 4016 1800 4069 tam
1839 4005 2079 4069 frivola
2110 4016 2208 4086 est
2238 4026 2435 4087 quam
2468 4004 2860 4069 ridenda'’⁵².
2916 4004 3003 4067 Et

613 4106 911 4171 adductis
949 4107 1306 4172 rationibus
1346 4119 1573 4172 contra
1612 4107 1906 4171 eamdem
1948 4106 2352 4181 sententiam,
2392 4105 2751 4171 concludit:
2835 4106 3003 4169 “Te-

613 4209 899 4273 nendum
934 4220 1032 4274 est
1068 4230 1244 4291 ergo,
1282 4210 1447 4274 hanc
1484 4209 1870 4298 sententiam
1905 4231 2046 4274 esse
2083 4208 2677 4290 nullam”.—Juxta
2714 4208 3003 4272 Alexan-

612 4309 826 4385 drum,
866 4321 1219 4393 praeterea,
1260 4333 1391 4376 non
1431 4323 1685 4376 tantum
1727 4313 1928 4387 Deus,
1971 4312 2084 4376 sed
2125 4312 2320 4375 etiam
2361 4310 2683 4386 sacerdOS,
2727 4310 3004 4375 absolvit

697 4478 753 4518 49
772 4479 854 4535 M.
900 4481 963 4536 P.
1004 4482 1085 4546 L..
1130 4482 1240 4546 176,
1286 4483 1396 4536 147.

697 4551 754 4590 ⁵⁰
775 4553 927 4610 Sent.
966 4553 1067 4620 IV,
1106 4555 1157 4610 d.
1197 4557 1274 4620 18,
1312 4573 1427 4620 cap.
1463 4557 1511 4622 5,
1548 4556 1677 4614 edit.
1715 4557 2032 4622 Quaracchi
2071 4556 2330 4623 secunda,
2370 4567 2502 4612 tom.
2544 4557 2620 4621 ΙΙ,
2657 4573 2783 4623 pag.
2821 4557 2936 4611 862.

697 4625 751 4664 ⁵1
774 4626 930 4694 Ibid.,
969 4645 1085 4695 cap.
1127 4629 1228 4696 VI,
1269 4641 1324 4686 et
1360 4629 1509 4685 idem
1553 4632 1753 4697 repetit
1791 4649 1910 4696 cap.
1952 4632 2116 4687 VIII.

696 4699 757 4738 ⁵²
776 4701 931 4758 Sum.
978 4703 1190 4769 T·heol.,
1235 4713 1379 4769 part.
1427 4706 1527 4771 IV,
1572 4725 1623 4772 q.
1669 4707 1750 4772 20,
1797 4707 2051 4762 membro
2095 4709 2144 4772 3,
2193 4725 2241 4762 a.
2288 4708 2334 4763 2.
