3509 5267
1381 774 1384 777 ’
1497 762 1859 859 CAPUT
1912 782 2019 859 11.

1347 951 1618 1028 Status
1671 951 2163 1046 quaestionis.

648 1120 1002 1201 Postquam
1034 1116 1314 1181 breviter
1348 1115 1793 1181 Poenitentiae
1816 1115 2191 1181 studuimus
2221 1127 2362 1181 tum
2394 1128 2710 1199 quatenus
2742 1120 2955 1189 virtus

562 1234 680 1299 est,
722 1233 862 1287 tum
905 1232 1222 1304 quatenus
1267 1231 1364 1285 est
1407 1230 1885 1285 sacramentum
1932 1220 2161 1285 Novae
2207 1221 2420 1303 Legis,
2466 1222 2532 1285 in
2577 1223 2699 1287 hoc
2741 1224 2955 1306 capite

561 1336 770 1392 status
815 1326 1212 1408 quaestionis
1253 1325 1660 1407 proponitur,
1704 1324 1839 1399 ubi,
1884 1324 2201 1402 videlicet,
2246 1326 2678 1401 deteminatur
2723 1348 2951 1392 sensus

562 1431 763 1511 hujus
840 1430 1096 1513 phrasis
1177 1430 1506 1512 “potestas
1581 1428 1925 1505 clavium”,
2004 1439 2069 1493 et
2148 1428 2468 1494 indicatur
2548 1451 2685 1512 quo·
2758 1451 2952 1495 sensu

564 1534 877 1614 accipitur
943 1533 1063 1597 hac
1130 1532 1198 1596 in
1265 1532 1752 1607 dessertatione,
1818 1552 2073 1596 necnon
2141 1532 2469 1615 praecipui
2539 1533 2958 1615 assignantur

561 1656 815 1699 errores
853 1635 1024 1700 circa
1062 1644 1353 1699 nostr-am
1391 1633 1748 1711 materiam.
1834 1635 2018 1699 Duos
2057 1655 2213 1716 ergo
2252 1634 2604 1700 continebit
2643 1635 2955 1700 articulos

561 1740 914 1821 capitulum
953 1760 1293 1821 praesens:
1334 1749 1454 1803 art.
1498 1740 1565 1803 I:
1607 1738 1787 1821 Quid
1827 1738 2223 1821 intelligatur
2260 1759 2379 1821 per
2417 1739 2695 1804 clavium
2735 1750 2955 1822 potes-

559 1853 794 1920 tatem;
831 1853 951 1908 art.
995 1844 1097 1907 II:
1137 1844 1432 1908 ErroreS.

1414 2035 1947 2135 ARTicULUS
2035 2038 2086 2101 1.

1029 2182 1190 2249 Quid
1233 2182 1607 2249 intelligatur
1649 2198 1758 2249 per
1802 2181 2059 2237 clavium
2104 2190 2489 2249 potestatem.

655 2315 765 2397 (a)
832 2315 1098 2379 Phrasis
1154 2315 1483 2396 “potestas
1534 2312 1879 2388 clavium”,
1935 2324 2008 2377 ut
2062 2314 2282 2396 liquet,
2338 2316 2776 2399 metaphorica
2831 2330 2947 2383 est.

561 2420 665 2483 En
715 2420 862 2502 ejus
913 2440 1175 2483 sensus:
1229 2418 1392 2482 sicut
1443 2418 1722 2483 clavium
1774 2427 1873 2483 est
1925 2418 2193 2499 januam
2244 2421 2643 2485 materialem
2696 2422 2949 2504 aperire

559 2534 672 2588 aut
717 2524 1038 2598 claudere,
1088 2524 1180 2587 sic
1225 2522 1425 2603 hujus
1472 2521 1812 2604 potestatis
1860 2532 1958 2586 est
2004 2524 2330 2586 caelorum
2380 2524 2647 2604 januam
2695 2526 2945 2607 aperire

559 2638 672 2691 aut
706 2628 1024 2703 claudere,
1061 2627 1101 2691 i.
1139 2647 1214 2702 e.,
1249 2626 1482 2708 dignos
1520 2626 1804 2708 recipere
1839 2646 1914 2690 ac
1950 2625 2251 2708 indignos
2287 2622 2630 2692 excludere
2666 2649 2705 2692 a
2740 2630 2947 2694 caelo-

561 2752 704 2794 rum
750 2752 969 2812 regn0,
1011 2741 1086 2794 ut
1129 2730 1424 2794 dicebant
1467 2730 1734 2812 antiqui.

646 2835 942 2899 Potestas
993 2834 1274 2897 clavium
1327 2834 1722 2898 considerari
1777 2844 1990 2916 potest
2043 2834 2111 2897 in
2166 2844 2304 2900 tota
2351 2857 2473 2899 sua
2524 2837 2945 2918 amplitudine

559 2949 671 3002 aut
712 2939 908 3002 etiam
949 2939 1068 3002 sub
1112 2938 1325 3018 aliquo
1372 2947 1624 3003 tantum
1663 2947 1979 3020 respectu.
2064 2940 2144 3002 In
2184 2947 2322 3003 tota
2365 2960 2484 3003 sua
2524 2941 2947 3022 amplitudine

557 3043 842 3106 continet
883 3052 1087 3106 totam
1124 3052 1510 3124 potestatem
1564 3042 2046 3123 (legislativam,
2089 3041 2480 3124 judicialem,
2523 3043 2945 3124 coactivam),

554 3167 752 3227 quam
789 3146 1110 3211 Dominus
1146 3156 1366 3210 noster
1399 3146 1590 3227 Jesus
1629 3145 1929 3210 Christus
1970 3148 2043 3210 B.
2084 3147 2282 3211 Petro
2318 3146 2637 3229 Apostolo
2673 3148 2947 3229 ejusque

559 3249 1034 3313 successoribus
1095 3249 1408 3313 Romanis
1467 3248 1891 3312 Pontificibus
1947 3249 2238 3323 contulit,
2295 3249 2556 3330 quando
2612 3251 2697 3314 ad
2757 3250 2945 3312 Prin-

556 3354 763 3435 cipem
813 3354 1302 3435 Apostolorum,
1349 3363 1693 3434 postquam
1742 3352 1847 3415 hie
1900 3352 2175 3416 feliciter
2221 3352 2464 3417 amoris
2513 3373 2787 3416 examen
2838 3374 2945 3416 su-

555 3458 825 3538 peravit,
867 3457 1068 3520 dixit:
1154 3457 1400 3520 “Pasce
1437 3476 1642 3538 agnos
1681 3476 1862 3520 meos
1908 3507 1921 3519 .
1970 3505 1984 3519 .
2034 3505 2047 3519 .
2095 3456 2297 3520 Pasce
2338 3476 2493 3521 oves
2535 3457 2752 3521 meas''
2806 3456 2941 3537 (Jo.

557 3565 657 3636 21,
703 3565 779 3623 15
823 3571 887 3624 et
934 3559 1093 3640 17);
1136 3561 1369 3641 quibus
1412 3559 1626 3625 verbis
1670 3560 1794 3642 ipsi
1838 3559 2114 3642 subjecit
2156 3580 2288 3624 non
2331 3570 2585 3623 tantum
2630 3561 2943 3634 subditos,

554 3686 781 3729 verum
825 3665 1020 3728 etiam
1062 3666 1386 3746 praelatos
1431 3664 1626 3747 ipSOS,
1661 3684 1808 3739 seu,
1850 3664 1993 3728 aliis
2038 3664 2273 3738 verbis,
2317 3674 2521 3728 totam
2565 3664 2941 3738 Ecclesiam,

555 3769 733 3832 nullo
784 3778 1074 3849 excepto,
1173 3768 1356 3832 Haec
1407 3768 1783 3850 plenissima
1834 3778 1898 3831 et
1952 3787 2254 3849 suprema
2306 3767 2658 3831 auctoritas
2712 3768 2849 3848 jam
2903 3790 2942 3831 a

557 3872 840 3936 Domino
893 3871 1110 3935 fuerat
1155 3872 1477 3953 promissa
1530 3873 1604 3936 B.
1657 3872 1859 3936 Petro
1903 3870 2078 3935 hisce
2127 3871 2341 3936 verbis
2391 3892 2431 3935 a
2482 3869 2548 3935 S.
2604 3871 2942 3934 Matthaeo

474 3978 496 4001 ⁸
556 3976 806 4040 relatis:
889 3976 1076 4039 “Tibi
1117 3976 1284 4040 dabo
1322 3977 1536 4040 claves
1575 3976 1756 4057 regni
1793 3976 2156 4051 caelorum3
2193 3985 2257 4038 et
2294 3975 2743 4057 quodcumque
2785 3974 2942 4055 liga-

553 4078 725 4144 veris
766 4100 960 4160 super
998 4090 1240 4143 terram
1280 4079 1403 4143 erit
1443 4080 1711 4161 ligatum
1751 4090 1817 4143 et
1856 4079 1926 4141 in
1964 4079 2177 4154 caelis,
2219 4089 2283 4143 et
2324 4079 2773 4161 quodcumque
2814 4078 2940 4141 sol-

553 4182 726 4247 veris
764 4203 958 4265 super
994 4192 1236 4247 terram
1274 4183 1397 4247 erit
1433 4184 1718 4248 solutum
1756 4194 1822 4247 et
1858 4182 1927 4247 in
1964 4176 2245 4247 caelis”¹.

641 4283 748 4349 Sic
780 4295 1042 4366 accepta
1075 4295 1394 4367 potestate
1426 4286 1726 4362 clavium,
1761 4284 2019 4349 nonnisi
2056 4284 2122 4350 S.
2162 4285 2397 4349 Petrus
2431 4295 2623 4366 atque
2660 4283 2939 4347 Romani

555 4387 902 4453 Pontifices
944 4388 1181 4453 habent
1219 4400 1605 4471 potestatem
1643 4388 1943 4453 clavium.
2032 4388 2162 4452 Sed
2203 4388 2326 4452 hoc
2368 4408 2561 4453 sensu
2602 4406 2735 4450 non
2775 4385 2943 4450 acci-

551 4490 729 4572 pitur
770 4501 1058 4574 potestas
1102 4493 1380 4557 clavium
1425 4493 1546 4557 hac
1590 4492 1657 4557 in
1705 4493 2175 4557 dissertatione.

634 4661 784 4717 1Mt.
824 4664 901 4728 16,
942 4664 1018 4718 19.
1674 4678 1795 4729 (³7)-
