3509 5267
844 563 946 627 De
985 561 1283 627 Cluvium
1315 562 1670 631 Potestatis
1704 562 2075 627 Existentia
2109 563 2327 644 Atque
2362 564 2434 627 N
2436 572 2641 629 atura.
2858 566 2943 629 33

551 744 936 808 sacramenti
979 744 1261 819 nomine,
1298 764 1379 808 eo
1417 744 1592 825 quod
1633 744 1979 809 haberetur
2018 745 2113 808 uti
2156 757 2632 811 sacramentum
2671 748 2942 830 probro·

551 846 755 911 sum''.
794 845 1026 928 (Prop.
1054 845 1550 926 46).—“Verba
1576 846 1877 910 Domini:
1906 846 2221 929 ‘Accipite
2249 848 2564 931 Spiritum
2593 849 2940 915 Sanctum:

549 969 825 1030 quorum
861 948 1238 1012 remiseritis
1271 958 1553 1029 peccata,
1589 948 2009 1013 remittuntur
2043 950 2172 1025 eis;
2208 970 2487 1032 quorum
2525 952 2939 1027 retinueritis,

551 1061 799 1115 retenta
847 1052 1038 1126 sunt',
1087 1052 1352 1115 minime
1401 1051 1782 1116 referuntur
1829 1053 1913 1116 ad
1961 1064 2436 1119 sacramentum
2484 1056 2937 1137 poenitentiae,

547 1154 862 1237 quidquid
898 1155 1200 1219 Patribus
1239 1155 1640 1219 Tridentinis
1676 1177 1966 1220 asserere
2001 1156 2285 1239 placuit”
2331 1157 2565 1240 (Prop.
2603 1158 2751 1239 47).
2792 1159 2935 1224 cfr.

549 1260 738 1323 Decr.
812 1258 1346 1334 “Lamentabili'2
1373 1279 1572 1341 penes
1604 1260 1806 1323 Denz.
1842 1260 2023 1337 Bau„
2055 1281 2117 1325 n.
2153 1264 2316 1324 2046
2349 1283 2432 1326 ss,
2510 1262 2737 1345 Itaque
2773 1262 2936 1326 Poe-

546 1362 854 1435 nitentiae
909 1362 1401 1427 Sacramentum
1452 1384 1586 1426 non
1636 1364 1829 1428 habet
1884 1364 2241 1429 Ecclesiam
2292 1365 2767 1443 institutricem,
2822 1365 2936 1431 sed

548 1466 888 1530 Christum.
926 1467 1281 1530 Dominum
1325 1467 1617 1548 agnoscit
1662 1478 1993 1549 tamquam
2037 1478 2388 1533 auctorem.

629 1576 827 1657 Quod
868 1576 1310 1640 Poenitentiae
1349 1588 1827 1641 sacramentum
1868 1578 2067 1643 fuerit
2102 1588 2557 1660 permanenter
2593 1602 2632 1644 a
2673 1580 2935 1645 Christo

547 1680 830 1745 Domino
881 1680 1267 1755 institutum,
1319 1702 1404 1743 ex
1454 1702 1533 1745 eo
1580 1691 1758 1763 patet
1812 1683 1987 1764 quod
2041 1682 2339 1747 Christus
2389 1683 2668 1748 instituit
2719 1703 2936 1749 sacra-

543 1794 760 1847 menta
795 1794 1060 1866 propter
1095 1785 1426 1860 homines;
1461 1806 1617 1867 ergo
1653 1786 1943 1867 quandiu
1979 1786 2275 1851 homines
2312 1797 2483 1863 sunt,
2520 1787 2748 1852 tandiu
2784 1778 2931 1870 per·—

544 1908 804 1952 manere
846 1888 1079 1952 debent
1120 1899 1541 1965 sacramenta,
1585 1890 1752 1953 inter
1795 1910 1959 1971 quae
2002 1889 2408 1955 Poenitentia
2449 1901 2935 1956 numeratur.—

545 1991 909 2066 Praeterea,
949 2001 1237 2073 potestas
1277 2002 1541 2074 peccata
1585 1993 1953 2057 remittendi
1996 2014 2128 2058 non
2170 1994 2385 2059 minus
2428 1994 2791 2059 necessaria
2833 2005 2932 2059 est

542 2096 734 2159 hodie
777 2116 971 2178 quam
1015 2106 1304 2178 tempore
1348 2096 1613 2171 Christi,
1654 2118 1804 2161 cum
1848 2097 2143 2161 homines
2190 2097 2381 2163 facile
2423 2098 2493 2162 in
2534 2108 2796 2181 peccata
2840 2099 2931 2162 la-

542 2199 796 2273 bantur,
860 2210 932 2263 ut
995 2200 1164 2264 tristi
1226 2200 1626 2281 experientia
1689 2202 2166 2282 comprobatur.
2251 2201 2401 2265 Hoc
2464 2202 2829 2266 insinuatur
2889 2222 2930 2265 a

545 2302 740 2367 Cone.
783 2303 987 2379 Trid.,
1026 2303 1202 2368 hisce
1240 2304 1489 2368 verbis:
1573 2303 1689 2369 “Si
1729 2324 1809 2368 ea
1848 2304 1916 2367 in
1958 2306 2350 2385 regeneratis
2391 2306 2690 2369 omnibus
2731 2305 2931 2386 grati-

541 2407 700 2471 tudo
736 2427 891 2489 erga
928 2408 1141 2471 Deum
1179 2417 1367 2482 esset,
1406 2418 1478 2471 ut
1514 2407 1836 2489 justitiam
1874 2408 1942 2471 in
1983 2408 2338 2489 BaptismO,
2379 2407 2582 2490 ipsius
2620 2407 2930 2473 beneficio

540 2522 604 2576 et
640 2512 850 2594 gratia
886 2521 1270 2593 susceptam,
1306 2521 1678 2575 constanter
1713 2521 2071 2587 tuerentur,
2110 2532 2242 2576 non
2282 2511 2515 2576 fuisset
2551 2533 2715 2595 opus
2752 2512 2929 2577 aliud

540 2617 621 2681 ab
659 2617 803 2698 ipso
840 2616 1176 2697 Baptismo
1214 2625 1689 2679 sacramentum
1727 2615 1814 2679 ad
1850 2625 2264 2698 peccatorum
2290 2604 2747 2680 ‘remissionem
2787 2637 2929 2681 esse

541 2721 926 2785 institutum.
1020 2718 1350 2799 Quoniam
1399 2728 1617 2783 autem
1667 2719 1869 2793 DeuS‚
1917 2718 2099 2783 dives
2149 2718 2217 2782 in
2266 2718 2729 2794 misericordia,
2778 2739 2927 2800 cog-

539 2824 722 2889 novit
773 2823 1151 2906 figmentum
1204 2833 1520 2897 nostrum,
1574 2822 1700 2887 illis
1751 2822 1948 2886 etiam
2000 2822 2172 2886 vitae
2226 2823 2582 2886 remedium
2634 2824 2927 2897 contulit,

538 2927 648 3010 qui
691 2949 760 2991 se
799 2936 1026 3009 postea
1067 2926 1134 2988 in
1174 2926 1417 3008 peccati
1463 2926 1843 2990 servitutem
1885 2936 1948 2989 et
1990 2926 2325 2990 daemonis
2367 2935 2753 3007 potestatem
2796 2936 2927 2989 tra-

539 3030 873 3104 didissent,
931 3039 1405 3093 sacramentum
1460 3028 1758 3092 videlicet
1818 3027 2280 3105 Poenitentiae,
2338 3049 2468 3109 quo
2526 3028 2722 3110 lapsis
2778 3038 2926 3109 post

540 3133 966 3215 Baptismum,
1032 3132 1414 3197 beneficium
1479 3133 1707 3196 mortis
1777 3131 2019 3196 Christi
2086 3132 2487 3214 applicatur''
2564 3131 2756 3213 (Sess
2828 3136 2925 3206 14,

535 3257 674 3318 cap.
713 3236 813 3316 1).

621 3340 1027 3404 Poenitentia
1070 3360 1226 3421 ergo
1269 3350 1366 3404 est
1408 3349 1902 3404 sacramentum.
1989 3339 2075 3403 Et
2116 3350 2215 3404 est
2257 3348 2751 3413 sacramentum,
2794 3358 2924 3418 quo

535 3454 796 3526 peccata
842 3444 1260 3507 remittuntur
1301 3453 1420 3525 per
1460 3444 1836 3525 judicialem
1879 3443 2349 3507 absolutionem
2392 3464 2433 3505 a
2475 3442 2759 3523 leyitimo
2805 3442 2923 3505 mi-

535 3544 738 3611 nistro
800 3547 1214 3628 impertitam.
1319 3547 1554 3611 Verbis
1616 3547 1993 3611 sublineatis
2054 3546 2462 3628 exprimitur,
2523 3546 2598 3626 a)
2668 3544 2923 3627 forma:

537 3650 818 3715 “Forma
860 3650 1149 3731 (autem)
1189 3650 1390 3731 hujus
1420 3650 1984 3725 sacramenti,—-ut
2014 3650 2106 3714 ait
2134 3649 2469 3731 Euqenius
2498 3650 2534 3711 I
2542 3650 2601 3713 V
2632 3650 2698 3712 in
2732 3649 2921 3712 Decr.

533 3753 618 3816 ad
676 3755 1238 3819 Armenos—sunt
1297 3755 1495 3819 verba
1553 3754 1997 3827 absolutioniS,
2057 3774 2223 3835 quae
2284 3753 2585 3817 sacerdos
2642 3750 2921 3834 profert,

532 3878 680 3921 cum
725 3858 913 3921 dicit:
1003 3858 1146 3939 Ego
1192 3868 1255 3922 te
1298 3858 1566 3922 absolvo
1611 3908 1626 3922 .
1675 3907 1689 3921 .
1737 3857 2313 3939 .''.—Exprimitur
2357 3856 2435 3935 b)
2493 3856 2744 3931 modus,
2790 3874 2921 3936 quo

532 3960 938 4025 ministratur
979 3961 1101 4026 hoc
1144 3971 1639 4036 sacramentum,
1681 3962 1792 4043 qui
1835 3961 2000 4025 alius
2040 3980 2172 4024 non
2213 3970 2312 4024 est
2351 3960 2474 4023 nisi
2519 3958 2919 4040 judicialis⁸⁶.

531 4064 703 4128 —Et
747 4065 1010 4128 tandem
1057 4064 1446 4147 exprimitur
1492 4064 1562 4144 c)
1621 4065 1935 4140 minister,
1982 4064 2091 4145 qui
2141 4064 2279 4127 “est
2328 4063 2629 4127 sacerdos
2677 4060 2921 4123 habens

533 4168 982 4232 auctoritatem
1053 4168 1428 4233 absolvendi
1499 4168 1601 4231 vel
1671 4168 2071 4232 ordinariam
2140 4165 2243 4230 vel
2313 4187 2398 4229 ex
2467 4164 2920 4228 commissione

533 4271 1002 4352 superioris'’⁰⁶.

616 4374 871 4439 Dicitur
907 4376 1102 4439 etiam
1140 4376 1206 4438 in
1247 4375 1690 4440 Poenitentiae
1731 4374 2115 4439 sacramenti
2157 4373 2531 4438 definitione
2570 4369 2919 4436 absolutio-

531 4496 680 4541 nem
724 4479 988 4542 concedi
1033 4480 1214 4559 fideli
1255 4479 1379 4543 rite
1427 4479 1764 4561 disposit0,
1810 4478 1921 4559 qui
1967 4487 2238 4542 vocatur
2285 4475 2485 4557 hujus
2534 4473 2918 4539 sacramenti

614 4648 812 4704 fflCfr.
854 4650 1026 4716 Trid.,
1067 4668 1198 4705 sess
1243 4653 1320 4716 14,
1360 4668 1480 4705 can.
1521 4652 1567 4705 9.

613 4722 1046 4790 ⁶⁰Denz.-Ban.,
1086 4744 1138 4780 n.
1181 4726 1293 4781 699.
