3509 5267
891 532 991 595 De
1032 532 1329 595 Cla-vium
1363 533 1718 597 Potestatis
1752 533 2124 596 Existentia
2156 534 2375 614 Atque
2412 536 2690 602 Natura.
2868 540 2992 602 105

694 714 806 795 (b)
858 715 1062 797 Juxta
1109 714 1175 780 S.
1225 715 1523 791 Paulum,
1568 725 1900 798 apostatas
1945 715 2383 800 “impossibile
2429 729 2528 784 est
2573 770 2588 784 .
2635 770 2650 785 .
2698 772 2712 787 .
2764 742 2990 787 rursus

598 838 909 882 renovare
950 818 1034 881 ad
1075 817 1581 899 poenitentiam”
1635 818 1878 898 (Hebr.
1924 824 1982 895 6,
2024 819 2150 900 4.).

678 932 1511 1016 Resp.—I.—Impossibile
1549 946 1647 998 est
1685 945 1758 999 ut
1798 945 2194 1000 renoventur
2228 946 2346 1018 per
2385 937 2796 1019 baptismum,
2837 938 2990 1022 quia

594 1037 952 1119 baptismus
995 1037 1374 1102 initerabilis
1414 1046 1530 1102 est.

682 1146 1264 1228 II.—-Impossibile
1306 1156 1404 1210 est
1442 1157 1515 1210 ut
1557 1157 1952 1211 renoventur
1989 1158 2109 1229 per
2147 1149 2580 1230 poenitentiae
2622 1171 2988 1214 sacramen-

599 1256 754 1324 tum,
804 1250 987 1326 dist.:
1080 1249 1486 1330 Impossibile
1533 1260 1630 1314 est
1678 1251 2133 1334 metaphysice,
2182 1251 2348 1315 adeo
2394 1262 2466 1316 ut
2513 1262 2847 1334 apostatae
2895 1253 2986 1316 illi

594 1352 883 1416 converti
940 1361 1005 1416 et
1061 1351 1127 1415 in
1185 1352 1519 1416 meliorem
1580 1351 1841 1434 frugem
1898 1353 2138 1417 mutari
2194 1364 2538 1436 nequeant,
2595 1376 2776 1437 neg.;
2834 1376 2987 1420 nam

595 1475 818 1518 omnes
859 1455 1141 1535 theologi
1183 1465 1246 1518 et
1286 1455 1653 1537 philosophi
1698 1455 1838 1521 sani
1879 1466 2100 1521 tenent
2142 1458 2490 1533 hominem,
2533 1458 2844 1540 quamdiu
2887 1469 2987 1524 est

594 1557 661 1619 in
692 1557 814 1621 hac
845 1557 1168 1639 praesenti
1201 1558 1356 1633 vita,
1392 1559 1753 1622 vertibilem
1787 1580 1929 1624 esse
1960 1570 2025 1624 et
2061 1559 2128 1622 in
2163 1561 2404 1624 bonum
2439 1571 2503 1625 et
2537 1560 2605 1624 in
2638 1561 2987 1625 malum.—

596 1658 1000 1742 Impossibile
1054 1670 1153 1724 est
1205 1661 1537 1725 moraliter
1590 1682 1705 1726 seu
1756 1663 1945 1726 valde
2000 1661 2269 1739 difficile,
2325 1684 2540 1740 conc.,·
2592 1663 2715 1729 hoc
2767 1673 2986 1727 tamen

594 1783 725 1825 non
773 1772 891 1837 est,
938 1761 1089 1845 quia
1138 1765 1318 1827 Deus
1368 1763 1640 1846 ejusque
1688 1761 1970 1828 ministri
2019 1775 2339 1847 nequeant
2388 1765 2491 1830 vel
2540 1766 2749 1830 nolint
2799 1787 2986 1830 reno-

593 1886 747 1928 vare
792 1886 908 1947 per
954 1865 1417 1946 poenitentiam
1462 1877 1815 1948 apostataS,
1865 1868 1978 1932 sed
2024 1867 2176 1949 quia
2224 1867 2604 1949 hujusmodi
2651 1879 2986 1951 apostatae

591 1967 1007 2047 pertinaciter
1053 1969 1300 2050 qratiae
1348 1969 1679 2046 resistunt,
1732 1980 1797 2034 et
1847 1971 1930 2034 ad
1982 1991 2205 2034 veram
2255 1972 2720 2053 poenitentiam
2773 1972 2985 2036 redire

592 2071 837 2134 nolunt.
924 2070 1109 2135 Haec
1146 2091 1303 2154 ergo
1341 2072 1625 2153 objectio
1663 2073 1908 2155 pariter
1948 2074 2038 2137 nil
2084 2072 2243 2138 facit
2284 2084 2510 2139 contra
2548 2074 2828 2139 clavium
2868 2096 2984 2158 po-

590 2182 908 2237 testatem.

684 2282 789 2364 (c)
832 2283 1035 2365 Juxta
1065 2283 1284 2365 ‘ipsum
1321 2284 1387 2349 S.
1426 2285 1723 2360 Paulum,
1758 2285 2167 2350 “voluntarie
2199 2287 2614 2369 peccantibus
2659 2337 2673 2350 .
2722 2337 2736 2351 .
2785 2339 2798 2352 .
2834 2298 2983 2370 post

590 2397 917 2467 acceptam
973 2387 1271 2450 notitiam
1329 2387 1641 2462 veritatis,
1696 2388 1838 2469 jam
1895 2410 2024 2452 non
2080 2389 2470 2470 relinquit-ur
2524 2400 2643 2471 pro
2703 2389 2984 2471 peccatis

592 2489 822 2566 hostia,
866 2490 1172 2555 terribilis
1218 2500 1436 2554 autem
1482 2491 1822 2573 quaedam·
1849 2491 2213 2573 expectatio
2258 2490 2529 2573 judicii”
2589 2491 2829 2572 (Hebr.
2882 2495 2982 2566 10,

591 2591 735 2672 26).

672 2695 1072 2775 Resp.-—Eis
1120 2716 1252 2759 non
1302 2695 1685 2778 relinquitur
1732 2697 1966 2772 hostia,
2017 2697 2070 2761 si
2122 2696 2482 2779 pertinaces
2531 2697 2659 2762 sint
2709 2697 2777 2761 in
2825 2718 2981 2778 apo-

590 2798 806 2872 stasia,
859 2799 1011 2878 quia
1059 2798 1425 2863 voluntarie
1478 2810 1629 2863 sunt
1678 2810 1868 2863 extra
1921 2799 2279 2863 Ecclesiam
2330 2800 2731 2876 catholicam,
2783 2820 2979 2883 quam

588 2910 830 2964 norunt
874 2919 1015 2964 esse
1060 2923 1302 2977 veram,
1350 2902 1722 2983 etquidem
1771 2901 1958 2966 unice
2004 2923 2247 2977 veram,
2295 2902 2568 2985 ideoque
2615 2902 2978 2966 voluntarie

590 3012 741 3066 sunt
791 3013 979 3067 extra
1029 3004 1203 3068 viam
1258 3004 1519 3080 salutis;
1572 3005 1626 3068 si
1681 3014 1898 3069 autem
1952 3005 2034 3069 ad
2090 3004 2446 3069 Ecclesiam
2501 3006 2786 3080 redeant,
2841 3025 2979 3069 cer-

587 3106 833 3170 tissime
870 3106 1109 3170 habent
1148 3107 1383 3170 iterum
1419 3107 1719 3183 hostiam,
1757 3107 1910 3188 quia
1948 3117 2099 3171 sunt
2136 3107 2372 3170 iterum
2412 3107 2740 3172 Ecclesiae
2777 3127 2979 3171 mem-

586 3209 703 3271 bra
745 3209 915 3284 viva,
958 3209 1231 3290 ideoque
1271 3209 1562 3272 omnium
1603 3210 1923 3273 bonorum
1967 3208 2112 3290 ejus
2157 3209 2587 3291 spiritualium
2629 3210 2977 3292 participes

588 3321 758 3385 sunt,
800 3311 966 3374 sicut
1006 3321 1215 3374 antea.
1300 3312 1549 3376 Eorum
1592 3333 1747 3394 ergo
1789 3313 2032 3377 malum
2073 3323 2137 3376 et
2180 3311 2529 3376 infelicitas
2569 3313 2854 3395 pendent
2895 3313 2977 3377 ab

586 3414 972 3477 eorumdum
1010 3415 1277 3495 propria
1320 3416 1671 3490 voluntate,
1716 3435 1848 3479 non
1891 3425 2108 3479 autem
2153 3436 2193 3479 a
2236 3414 2500 3480 defectu
2543 3416 2646 3479 vel
2689 3416 2977 3480 carentia

585 3515 863 3579 clavium
905 3537 988 3578 ex
1028 3527 1212 3598 parte
1254 3516 1598 3581 Ecclesiae.

681 3632 795 3713 (d)
852 3632 1027 3713 “Qui
1075 3633 1195 3696 scit
1242 3632 1517 3697 fratrem
1562 3653 1752 3696 suum
1798 3653 2064 3715 peccare
2110 3643 2446 3715 peccatum
2492 3654 2625 3699 non
2670 3636 2755 3699 ad
2802 3656 2977 3700 mor—

584 3743 735 3809 tem,
791 3743 989 3816 petat,
1044 3745 1109 3798 et
1164 3734 1424 3799 dabitur
1478 3735 1536 3797 ei
1593 3735 1728 3799 vita
1782 3737 2072 3818 peccanti
2130 3757 2262 3800 non
2318 3738 2402 3801 ad
2459 3748 2753 3802 mortem.
2854 3738 2976 3802 Est

582 3846 919 3918 peccatum
958 3839 1043 3901 ad
1080 3846 1375 3914 mortem,
1415 3857 1547 3902 non
1584 3858 1706 3919 pro
1745 3838 1857 3903 illo
1895 3825 2062 3914 dice,
2104 3848 2176 3903 ut
2216 3850 2399 3921 roget
2437 3839 2625 3921 quis”
2676 3839 2744 3920 (Ι
2785 3839 2972 3921 Joan.

587 3943 644 4014 5,
686 3939 828 4019 16).

667 4049 1031 4130 Resp.—-In
1071 4049 1299 4131 primis
1344 4049 1757 4114 statuendum
1799 4060 1916 4125 est,
1960 4050 2116 4131 quid
2158 4051 2554 4132 intelligatur
2593 4061 2711 4133 per
2749 4061 2975 4132 pecca-

584 4159 727 4236 tum
774 4152 861 4215 ad
911 4160 1208 4227 mortem,
1261 4172 1414 4216 nam
1466 4152 1650 4216 adest
1702 4152 1918 4234 aliqua
1991 4153 2371 4234 disceptatio
2407 4154 2578 4216 circa
2614 4155 2734 4217 hoc
2771 4175 2972 4235 punc-

583 4262 741 4317 tum.
828 4253 1031 4335 Juxta
1073 4255 1412 4335 quosdam,
1456 4254 1836 4335 hujusmodi
1880 4265 2215 4336 peccatum
2260 4255 2345 4318 ad
2389 4263 2666 4318 mortem
2711 4264 2809 4317 est
2851 4243 2992 4317 im?

582 4355 981 4436 poenitentia
1022 4356 1273 4436 finalis;
1318 4357 1510 4437 juxta
1559 4357 1741 4431 alios,
1791 4356 2173 4439 praesertim
2221 4356 2587 4432 modernos,
2636 4365 2972 4437 peccatum

582 4456 742 4521 illud
772 4466 871 4521 est
900 4467 1235 4539 peccatum
1266 4458 1685 4539 infidelitatis,
1718 4478 1849 4540 quo
1881 4467 2155 4540 negatur
2190 4458 2432 4523 Christi
2466 4457 2730 4522 Domini
2763 4458 2970 4522 nostri

582 4558 907 4624 divinitas.
996 4558 1181 4623 Haec
1223 4561 1451 4624 ultima
1498 4561 1816 4626 sententia
1858 4561 2264 4642 conformior
2309 4581 2494 4625 sacro
2537 4561 2747 4625 textui
2792 4560 2971 4625 vide-

581 4671 709 4737 tur,
740 4660 893 4743 quia
922 4661 990 4722 in
1018 4669 1159 4724 toto
1188 4683 1325 4744 cap.
1362 4666 1419 4738 5,
1456 4663 1522 4728 S.
1554 4663 1842 4745 Joannes
1872 4664 1953 4728 de
1985 4663 2112 4728 fide
2146 4663 2214 4726 in
2248 4663 2581 4728 Christum
2616 4662 2972 4726 Dominum
