3509 5267
564 525 649 590 92
870 524 971 587 De
1008 521 1307 586 Cluvium
1340 521 1696 585 Potestatis
1730 520 2101 585 Existentia
2134 521 2352 602 Atque
2389 522 2668 588 Natura.

567 705 743 770 modi
799 714 1185 788 potestatem
1244 702 1449 768 fuisse
1500 723 1893 768 concessam.
1995 704 2152 768 Ideo
2205 705 2510 770 haeretici
2566 705 2726 770 nihil
2783 707 2959 771 aliud

572 807 868 872 fecerunt
922 807 1047 871 nisi
1101 807 1265 872 velle
1318 806 1709 888 restrinqere
1763 815 2150 888 potestatem
2205 806 2417 882 illam;
2471 818 2960 892 consequenter,

566 910 859 993 persuasi
895 920 1080 974 erant
1115 909 1196 973 de
1229 930 1386 974 vera
1422 909 1820 984 remissione,
1857 929 1976 974 nec
2009 909 2379 992 cogitabant
2417 911 2498 974 de
2534 911 2808 994 simplici
2843 933 2959 976 an-

566 1012 997 1077 nunciatione.
1078 1012 1280 1075 Aliud
1324 1010 1639 1086 fecerunt,
1679 1032 1790 1086 sc.,
1827 1011 1991 1077 velle
2028 1011 2294 1076 auferre
2332 1034 2372 1077 a
2409 1014 2741 1080 catholicis
2781 1015 2958 1080 illam

564 1124 951 1198 potestatem
1010 1123 1203 1196 atque
1263 1112 1626 1178 transferre
1685 1114 1770 1178 ad
1830 1114 2209 1190 haereticos,
2269 1115 2383 1180 sed
2446 1137 2579 1180 non
2638 1127 2957 1199 negarunt

568 1225 869 1281 naturam
927 1216 1330 1282 remissivam
1387 1216 1687 1282 clavium.
1791 1217 1940 1282 Hoc
2000 1217 2222 1300 utique
2281 1217 2701 1284 libentissime
2767 1218 2958 1285 fecis-

563 1329 726 1395 sent,
760 1318 814 1384 si
848 1319 1131 1401 aliquod,
1167 1319 1269 1383 vel
1304 1319 1464 1394 leve,
1498 1320 1845 1402 vestigium
1881 1319 2171 1386 invenire
2203 1321 2586 1403 potuissent.

650 1424 925 1490 Saeculo
964 1425 1101 1488 XII
1141 1434 1411 1507 apparet
1446 1424 1509 1488 Α
1516 1425 1878 1499 baelardus,
1917 1433 1984 1487 et
2020 1432 2214 1504 negat
2253 1423 2632 1504 hujusmodi
2672 1433 2956 1507 potesta-

562 1538 694 1592 tem
721 1547 1095 1592 concessam
1129 1526 1334 1592 fuisse
1362 1527 1504 1592 aliis
1533 1547 1729 1609 quam
1757 1525 2114 1608 Apostolis,
2145 1526 2259 1591 sed
2289 1546 2420 1590 non
2452 1535 2646 1608 negat
2674 1525 2955 1591 clavium

560 1639 947 1712 potestatem
989 1650 1141 1694 vere
1183 1629 1587 1695 remissivam
1626 1649 1804 1704 esse;
1845 1628 1997 1710 quia
2037 1629 2160 1693 hoc
2199 1629 2372 1694 clare
2412 1629 2590 1694 videt
2630 1629 2698 1692 in
2738 1628 2953 1694 verbis

561 1732 846 1797 Domini.

648 1840 931 1921 Ideoque
979 1858 1129 1903 cum
1178 1846 1315 1900 tota
1364 1833 1715 1917 antiquitas
1769 1834 1889 1898 sibi
1940 1854 2252 1916 persuasa
2303 1835 2387 1900 sit
2437 1835 2518 1898 de
2568 1844 2803 1899 natura
2852 1854 2951 1898 re-

559 1942 825 2008 missiva
862 1941 1161 2014 clavium,
1199 1950 1263 2004 et
1298 1959 1446 2003 cum
1482 1937 1679 2003 verba
1715 1937 2170 2014 concessionis,
2209 1937 2402 2002 obvio
2439 1958 2635 2002 sensu
2672 1947 2949 2020 sumpta,

559 2045 854 2110 eamdem
901 2043 1242 2108 veritatem
1291 2041 1583 2115 doceant,
1634 2039 1784 2121 jure
1832 2040 2193 2122 meritoque
2244 2040 2539 2121 rejicitur
2586 2049 2950 2123 protestan-

557 2147 687 2212 tica
717 2145 1035 2212 sententia
1066 2145 1146 2209 de
1178 2143 1451 2226 simplici
1482 2153 1546 2208 et
1578 2143 1753 2207 nuda
1786 2143 2219 2207 declaratione
2254 2143 2671 2207 remissionis.
2746 2143 2950 2207 Acce-

557 2249 653 2313 dit
707 2247 883 2330 quod
938 2247 1264 2311 Lutherus
1320 2255 1385 2310 et
1442 2245 1751 2310 Calvinus
1809 2245 2131 2328 primique
2187 2245 2564 2309 eorumdem
2622 2264 2948 2328 sequaces,

517 2343 525 2350 '
556 2372 706 2416 cum
752 2350 1049 2415 catholici
1101 2348 1367 2424 fuerint,
1416 2348 1831 2413 crediderunt
1879 2359 1943 2413 et
1990 2348 2393 2413 admiserunt
2441 2348 2721 2414 clavium
2765 2358 2948 2431 pote-

558 2463 790 2518 statem
847 2473 1042 2517 sensu
1094 2452 1411 2516 catholico
1466 2462 1828 2533 sumptam;
1883 2451 1998 2516 sed
2051 2461 2278 2533 postea
2333 2451 2580 2533 gratiae
2635 2450 2946 2526 infideleS,

428 2599 447 2608 -
556 2555 753 2620 fidem
804 2555 1189 2636 rejecerunt,
1238 2564 1695 2636 apostatasque
1744 2575 1815 2618 se
1870 2553 2184 2618 fecerunt.
2277 2554 2605 2636 Jamvero‚
2654 2554 2759 2618 cui
2810 2573 2948 2618 cre-

557 2658 842 2722 dendum
888 2666 1005 2732 est,
1054 2657 1158 2720 illi‘
1195 2657 1304 2738 qui
1352 2656 1628 2720 fideliter
1678 2656 2046 2738 depositum
2097 2657 2508 2722 revelationis
2556 2667 2624 2721 et
2668 2656 2946 2738 antiqui-

555 2761 708 2825 tatis
748 2769 986 2834 servat,
1023 2780 1110 2823 an
1147 2758 1524 2842 apostatae?
1609 2758 1766 2823 Sine
1805 2758 2023 2833 dubio,
2065 2758 2239 2823 fideli
2278 2759 2674 2824 credendum
2715 2769 2833 2836 est,
2873 2768 2946 2823 ut

558 2872 733 2928 recta
788 2862 954 2926 ratio
1007 2862 1226 2926 dictat.
1324 2861 1684 2926 Credamus
1737 2882 1895 2943 ergo
1950 2861 2277 2927 Ecclesiae
2335 2862 2726 2938 Catholicae,
2779 2882 2945 2945 quae

556 2965 799 3030 Christi
841 2964 1203 3028 doctrinam
1244 2964 1325 3028 de
1367 2985 1519 3028 vere
1564 2964 1902 3029 remissiva
1930 2973 2260 3046 ‘potestate
2300 2974 2642 3030 conservat
2683 2976 2748 3030 et
2791 2985 2947 3029 ana-

553 3067 837 3132 themate
879 3068 1123 3131 munit:
1254 3066 1366 3132 “S.
1410 3088 1469 3148 q.
1515 3067 1599 3143 d.,
1644 3066 2116 3131 absolutionem
2159 3067 2690 3132 sacramentalem
2734 3088 2945 3133 sacer-

555 3170 726 3234 dotis
773 3189 906 3232 non
954 3190 1095 3234 esse
1143 3179 1359 3234 actum
1407 3169 1802 3250 judicialem,
1853 3170 1967 3234 sed
2017 3169 2265 3234 nudum
2313 3170 2745 3235 ministerium
2793 3190 2944 3253 pro-

556 3271 905 3337 nunciandi
956 3281 1021 3335 et
1072 3271 1441 3336 declarandi
1496 3272 1766 3336 remissa
1817 3292 1960 3337 esse
2010 3283 2274 3354 peccata
2325 3273 2695 3350 confitendi,
2749 3272 2945 3336 modo

553 3383 807 3438 tantum
841 3374 1062 3438 credat
1095 3395 1163 3438 se
1197 3395 1338 3439 esse
1371 3374 1757 3439 absolutum·
1785 3425 1799 3438 .
1848 3424 1862 3439 .
1910 3424 1924 3439 .
1970 3375 2054 3439 A.
2094 3375 2258 3440 S.”⁶⁸

1391 3559 1924 3625 ARTICULUS
2013 3559 2095 3624 V.

1040 3696 1312 3752 Cluvium
1345 3705 1619 3765 potestas
1653 3705 1747 3752 est
1779 3704 2054 3764 potestas
2086 3696 2460 3754 universalis.

639 3816 1047 3898 Baptismum
1085 3816 1252 3880 inter
1287 3825 1352 3880 et
1388 3816 1853 3897 poenitentiam
1890 3815 2262 3880 differentia
2299 3815 2460 3890 visa,
2499 3835 2752 3880 necnon
2789 3835 2944 3879 exa-

551 3917 797 3982 minata
832 3919 1111 3983 clavium
1146 3919 1485 4000 potestatis
1523 3919 1833 3999 qualitate
1872 3918 2228 3994 remissiva,
2267 3938 2438 3982 nunc
2473 3918 2942 3984 consideranda

551 4031 650 4086 est
686 4021 813 4084 alia
849 4020 1148 4102 ejusdem
1184 4021 1521 4103 potestatis
1559 4021 1857 4103 qualitas,
1897 4042 2004 4097 sc.,
2042 4021 2189 4102 ejus
2229 4020 2700 4087 universalitas.

634 4122 1112 4188 Universalitas
1148 4122 1258 4187 illa
1293 4145 1434 4188 esse
1471 4134 1718 4205 potest:
1800 4124 1875 4204 a)
1923 4123 2137 4206 quoad
2175 4124 2564 4199 ministrum,
2602 4123 2680 4204 b)
2726 4122 2942 4205 quoad

552 4224 671 4288 sub
672 4224 697 4305 j
705 4235 938 4301 ectum,
982 4225 1053 4305 c)
1106 4226 1322 4307 quoad
1365 4237 1640 4309 tempus,
1684 4227 1765 4306 d)
1820 4227 2034 4308 quoad
2078 4227 2417 4290 materiam
2463 4225 2941 4291 removendam.

551 4326 720 4391 Aliis
780 4327 1015 4403 verbis,
1079 4328 1316 4410 inquiri
1379 4339 1611 4410 potest,
1676 4340 1897 4393 utrum
1961 4328 2240 4394 clavium
2302 4339 2590 4411 potestas
2653 4327 2941 4392 exerceri

549 4428 755 4510 possit
794 4450 834 4493 a
874 4450 1300 4512 quocumque,
1340 4432 1535 4496 etiam
1574 4453 1614 4496 a
1657 4431 1924 4507 femina,
1965 4432 2160 4496 etiam
2202 4431 2284 4495 ab
2325 4429 2600 4506 infante,
2641 4430 2808 4494 sicut
2848 4439 2941 4493 te·
2997 4515 3004 4524 ι

550 4542 832 4596 nuerunt
882 4533 1175 4596 nonnulli
1227 4534 1474 4617 antiqui
1525 4544 1995 4616 protestantes;
2048 4544 2269 4598 utrum
2323 4533 2683 4616 dispensari
2735 4531 2942 4615 possit

633 4683 877 4741 ⁶⁸Conc.
918 4684 1111 4752 Trid.,.
1132 4703 1265 4742 sess.
1306 4687 1383 4753 14,
1421 4705 1541 4743 can.
1578 4689 1641 4753 9;
1680 4687 1812 4745 vide
1847 4687 1980 4745 ibid.
2020 4703 2137 4754 cap.
2175 4687 2224 4743 6.
