3509 5267
506 501 591 564 72
813 501 914 565 De
952 499 1250 565 Cluvium
1284 500 1639 564 Potestatis
1672 500 2044 565 Existentia
2078 500 2296 581 Atque
2333 501 2612 566 Natura.

511 705 732 749 coram
769 683 1091 760 omnibuS,
1132 683 1329 748 etiam
1369 682 1585 760 laicis;
1624 703 1895 765 eamque
1939 683 2260 766 reprobat,
2303 683 2455 766 quia
2497 695 2596 748 est
2639 685 2908 749 “contra

512 786 933 869 apostolicam
973 785 1325 868 regulam’',
1367 795 1430 850 et
1470 807 1555 850 ex
1595 807 1674 852 eo
1714 786 1891 869 quod
1933 786 2375 868 “indulgentia
2419 787 2541 851 Dei
2584 787 2710 852 nisi
2754 807 2906 870 sup-

512 889 965 970 plicationibus
1019 889 1429 953 sacerdotum
1480 899 1758 971 nequeat
1811 889 2149 954 obtineri”.
2250 890 2408 956 Ideo
2464 890 2530 956 S.
2588 890 2906 954 Pontifex
2969 897 2986 912 “

513 992 581 1055 in
634 992 1014 1056 memoriam
1070 1001 1331 1058 revocat
1385 991 1838 1075 episcoporum
1892 993 2152 1058 illorum
2207 994 2383 1075 quod
2437 994 2698 1059 “reatus
2751 1015 2905 1058 con-

513 1094 815 1159 scientiae
887 1094 1159 1160 sufficiat
1231 1095 1385 1161 solis
1458 1095 1901 1160 sacerdotibus
1973 1096 2244 1160 indicari
2316 1097 2732 1162 confessione
2805 1116 2906 1162 se-

511 1196 808 1262 creta”²⁹.
899 1197 1170 1261 Nullum
1214 1219 1371 1279 ergo
1417 1198 1684 1263 dubium
1728 1199 1920 1264 habet
1965 1200 2046 1264 de
2090 1200 2370 1265 clavium
2413 1200 2905 1266 transmissione

512 1298 579 1363 in
612 1320 1015 1365 successores
1049 1300 1537 1382 Apostolorum.

595 1410 660 1473 A
699 1431 863 1475 saec.
907 1410 971 1473 V
1008 1411 1091 1475 ad
1127 1432 1333 1493 usque
1372 1431 1536 1476 saec.
1578 1409 1715 1473 XII
1758 1409 2072 1474 habemus
2112 1409 2703 1474 constantissimam
2742 1420 2904 1474 atte-

513 1513 858 1578 stationem
905 1514 1177 1578 Patrum
1220 1524 1284 1578 et
1330 1513 1739 1595 scriptorum,
1785 1513 1895 1595 qui
1943 1533 2080 1577 rem
2123 1522 2415 1577 nostram
2462 1514 2694 1577 docent
2739 1522 2906 1576 tam-

512 1636 707 1698 quam
742 1616 1081 1681 veritatem
1120 1617 1569 1681 inconcussam
1606 1627 1669 1680 et
1706 1617 1789 1680 ab
1827 1616 2126 1681 omnibus
2163 1615 2536 1691 admissam,
2575 1627 2647 1680 ut
2683 1617 2904 1680 videre

512 1729 631 1793 est,
672 1741 733 1782 v.
776 1740 859 1800 g.,
902 1719 971 1782 in
1012 1719 1230 1784 Libris
1268 1719 1869 1796 PoenitentialibuS,
1913 1718 2043 1802 qui,
2092 1728 2528 1802 supponentes
2571 1730 2904 1801 tamquam

512 1830 755 1885 certam
807 1821 1086 1886 clavium
1138 1822 1584 1887 exsistentiam
1634 1834 1699 1887 et
1749 1822 2263 1904 permanentiam
2317 1822 2386 1886 in
2439 1822 2748 1897 Ecclesia,
2804 1843 2905 1886 re-

513 1922 697 2006 gulas
740 1925 1007 1988 tradunt
1048 1925 1366 2006 practicas
1409 1927 1493 1989 ad
1539 1935 1786 1989 rectum
1831 1925 2110 1990 clavium
2155 1923 2537 1989 exercitium
2584 1934 2648 1989 et
2691 1944 2901 1988 usum.

599 2031 825 2114 Itaque
876 2033 937 2096 A
944 2034 1285 2098 baelardus
1337 2035 1585 2099 nullum
1644 2035 2144 2099 fundamentum
2199 2035 2424 2100 habuit
2476 2035 2561 2099 ad
2613 2044 2904 2099 nostram

511 2135 852 2200 veritatem
883 2136 1347 2219 denegandam.

598 2247 757 2311 Post
798 2245 1258 2320 Abaelardum,
1301 2245 1517 2310 nullus
1557 2245 1821 2326 negavit
1862 2243 2310 2309 exsistentiam
2349 2242 2630 2307 clavium
2671 2243 2738 2306 in
2780 2242 2904 2306 Ec-

511 2349 725 2423 clesia,
785 2349 1083 2430 quamvis
1143 2348 1328 2412 multi
1391 2348 1751 2412 erraverint
1810 2347 1983 2411 circa
2042 2346 2430 2411 ministrum.
2537 2346 2638 2410 Ita
2697 2369 2760 2410 v.
2819 2366 2905 2427 g.,

510 2452 915 2526 Waldenses,
977 2450 1380 2526 Wicleffitae‚
1444 2451 1758 2515 Hussitae
1821 2460 1886 2514 et
1949 2450 2273 2514 Fraticelli
2335 2449 2633 2514 dicebant
2695 2471 2904 2514 sacer·

512 2555 697 2620 dotes
754 2564 993 2635 pravos
1050 2575 1181 2618 non
1238 2555 1474 2619 habere
1532 2553 1812 2618 clavium
1870 2563 2277 2635 potestatem,
2334 2573 2606 2635 eamque
2667 2552 2904 2616 habere

512 2657 835 2739 simplices
870 2657 1092 2722 fideles
1127 2657 1884 2722 bonos.—Protestantes
1918 2666 2137 2720 tenent
2173 2676 2398 2721 omnes
2432 2655 2655 2720 fideles
2694 2674 2905 2719 sacer-

513 2760 697 2824 dotes
756 2780 916 2835 esse‚
977 2759 1250 2841 ideoque
1308 2780 1533 2824 omnes
1591 2760 1830 2824 habere
1887 2760 2054 2824 hanc
2111 2768 2516 2841 potestatem.
2578 2759 2797 2822 Etiam
2857 2758 2902 2820 ii

512 2884 764 2927 errores
797 2863 982 2926 nobis
1016 2862 1376 2927 inserviunt
1407 2863 1493 2926 ad
1525 2863 2036 2926 confirmandam
2073 2862 2352 2926 clavium
2385 2863 2724 2944 potestatis
2757 2881 2904 2942 per-

512 2966 905 3029 manentiam
940 2965 1006 3027 in
1039 2965 1329 3029 Ecclesia
1348 2986 1364 3041 3
1399 2964 1551 3047 quia
1582 2965 1962 3046 hujusmodi
1996 2965 2323 3040 haeretici,
2357 2965 2652 3047 quamvis
2687 2973 2904 3027 errent

513 3068 683 3132 circa
734 3068 1124 3143 ministrum,
1174 3069 1467 3150 persuasi
1520 3077 1738 3131 tamen
1790 3078 1974 3132 erant
2025 3069 2106 3132 de
2158 3068 2538 3133 exsistentia
2589 3066 2903 3142 clavium;

513 3191 697 3235 secus
736 3170 949 3235 claves
987 3191 1119 3234 non
1156 3171 1532 3235 tribuissent
1571 3171 1720 3235 huic
1760 3172 1863 3235 vel
1902 3171 1992 3234 illi
2033 3191 2366 3252 personae.

600 3273 897 3337 Potestas
956 3293 1112 3355 ergo
1169 3284 1431 3356 peccata
1491 3273 1860 3337 remittendi
1918 3274 2021 3337 vel
2081 3273 2398 3338 retinendi
2459 3293 2591 3337 non
2647 3282 2903 3337 tantum

513 3374 869 3456 Apostolis,
922 3377 1035 3439 sed
1087 3374 1281 3439 etiam
1333 3377 1602 3441 “eorum
1656 3377 1958 3459 legitimis
2013 3375 2532 3441 successoribus”
2585 3375 2904 3457 episcopis

514 3497 623 3552 sc„
699 3487 764 3541 et
841 3478 1301 3554 sacerdotibus,
1384 3478 1512 3542 fuit
1588 3479 2081 3553 communicata,
2164 3478 2330 3542 sicut
2409 3478 2904 3542 “universorum

516 3578 784 3644 Petrum
818 3599 1171 3645 consensus
1207 3601 1462 3663 semper
1497 3581 1933 3656 intellexit”⁸⁰,
1970 3592 2034 3645 et
2070 3580 2360 3645 Ecclesia
2396 3600 2650 3662 semper
2685 3580 2905 3644 docuit

512 3701 588 3745 ac
620 3681 846 3746 tenuit.

1350 3819 1883 3886 ARTICULUS
1973 3821 2061 3885 ΙΙ.

658 3953 931 4010 Clavium
975 3962 1249 4022 potestas
1292 3971 1420 4011 non
1463 3964 1559 4012 est
1601 3964 1877 4024 potestas
1921 3956 2320 4024 Evangelium
2366 3928 2765 4024 praedicandi.

598 4091 707 4156 Ex
749 4113 934 4157 sacra
974 4103 1039 4158 et
1080 4093 1452 4157 veneranda
1493 4093 1876 4158 Traditione
1918 4095 2090 4158 clare
2133 4103 2327 4176 atque
2372 4094 2608 4158 invicte
2651 4102 2906 4159 constat

513 4194 793 4260 clavium
840 4205 1227 4278 potestatem
1274 4196 1360 4259 ad
1407 4196 1744 4278 episcopos
1793 4196 2331 4279 presbyterosque
2378 4196 2731 4261 transiisse.
2827 4195 2906 4258 In

514 4298 639 4362 hoc
687 4307 905 4362 autem
951 4299 1225 4363 articulo
1272 4308 1466 4381 atque
1513 4299 1581 4362 in
1630 4300 2045 4381 sequentibus
2094 4300 2386 4365 intimius
2435 4298 2907 4365 consideranda

515 4409 613 4464 est
648 4410 937 4483 potestas
974 4400 1101 4465 illa.

596 4585 1001 4652 ”Dm-Bau..
1046 4605 1100 4643 n.
1148 4588 1243 4642 145
1290 4605 1361 4644 ss,

596 4665 843 4722 ⁸⁰Conc.
878 4666 1054 4733 Trid„
1091 4685 1224 4724 sess.
1260 4667 1421 4734 XIV,
1455 4685 1573 4734 cap.
1609 4669 1653 4736 1,
1689 4670 1778 4726 De
1813 4669 2032 4727 Poenit.
