3509 5267
898 547 997 633 De
1036 544 1335 609 Cluvium
1369 545 1725 608 Potestatis
1758 544 2129 607 Existentia
2163 544 2380 624 Atque
2417 545 2694 610 Natura.
2912 547 2994 610 97

688 725 764 804 3)
813 725 921 790 Sic
953 725 1025 790 S.
1058 725 1404 798 Pacianus,
1440 724 1781 805 episcopus
1817 722 2322 799 barcinonensis,
2359 725 2742 791 novatianos
2782 726 2994 808 rejicit

603 829 670 891 in
711 849 827 893 sua
867 827 1138 910 epistola
1180 828 1284 889 III
1326 827 1410 891 ad
1452 826 2030 908 Sempronianum:
2113 826 2501 892 “Tractatus
2542 829 2752 893 omnis
2793 850 2993 894 nova-

602 931 949 1004 tianorum,
992 950 1185 1011 quem
1230 930 1313 994 ad
1358 951 1460 993 me
1506 929 1824 995 confertis
1870 929 2155 1010 undique
2200 931 2749 1013 propositionibus
2796 933 2992 997 desti-

602 1034 791 1108 nasti,
833 1033 1300 1115 Semproniane
1342 1033 1568 1106 frater,
1607 1032 1730 1096 hoc
1769 1033 2090 1096 continet:
2173 1031 2373 1114 Quod
2411 1044 2560 1116 post
2599 1033 2991 1116 baptismum

601 1137 929 1218 poenitere
986 1155 1119 1199 non
1177 1135 1384 1210 liceat,
1442 1135 1616 1217 quod
1675 1135 1949 1199 mortale
2005 1145 2343 1217 peccatum
2401 1136 2690 1201 Ecclesia
2748 1137 2992 1201 donare

600 1259 731 1303 non
788 1238 1015 1320 possit,
1072 1239 1271 1302 immo
1328 1237 1502 1320 quod
1559 1237 1701 1319 ipsa
1756 1247 1980 1319 pereat
2037 1237 2406 1319 recipiendo
2466 1249 2804 1319 peccantes
2850 1288 2864 1301 .
2912 1288 2926 1301 .
2975 1288 2988 1302 .

600 1341 768 1423 Quis
807 1342 929 1406 hoc
965 1341 1272 1415 vindicat,
1315 1340 1541 1416 frater,
1581 1339 1868 1421 MoyseS,
1907 1360 1992 1403 an
2033 1340 2297 1416 PauluS,
2335 1361 2420 1405 an
2461 1340 2804 1405 Christus?
2849 1391 2863 1404 .
2912 1391 2926 1404 .
2974 1390 2988 1405 .

604 1445 839 1508 Nullus
892 1443 1145 1518 horum,
1200 1443 1471 1525 inquies,
1569 1442 1737 1524 Quis
1793 1442 1993 1524 ergo?
2092 1442 2500 1508 Novatianus
2555 1443 2678 1508 hoc
2729 1463 2989 1524 praece-

599 1547 693 1627 pit
738 1597 751 1610 .
800 1597 814 1610 .
864 1597 877 1610 .
967 1546 1058 1610 At
1102 1546 1206 1611 vel
1251 1546 1532 1628 quando,
1582 1545 1810 1620 frater,
1857 1545 2173 1628 quibusve
2217 1545 2661 1629 temporibus?
2753 1546 2988 1611 Statim

597 1659 745 1730 post
792 1649 1057 1712 Domini
1106 1648 1520 1730 passionem?
1612 1648 1773 1713 Post
1821 1648 2004 1712 Decii
2051 1647 2506 1731 principatum,
2556 1649 2627 1712 id
2673 1660 2790 1724 est,
2839 1658 2988 1731 post

598 1760 917 1816 trecentos
953 1761 1156 1832 prope
1197 1772 1404 1816 annos
1445 1751 1806 1816 dominicae
1846 1751 2168 1833 passionis
2214 1801 2229 1815 .
2277 1801 2292 1816 .
2339 1803 2353 1816 .
2440 1752 2618 1834 Ergo
2658 1772 2699 1816 a
2742 1751 2984 1816 Christi

608 1853 963 1934 (adventu)
1012 1875 1217 1936 usque
1255 1855 1340 1918 ad
1380 1854 1563 1918 Decii
1603 1854 2039 1937 principatum
2081 1855 2298 1919 nullus
2335 1854 2743 1936 intelliyens?
2828 1854 2988 1920 Post

600 1957 871 2020 Decium
924 1956 1199 2039 denique
1250 1957 1463 2022 omnis
1514 1958 1856 2039 episcopus
1909 1957 2288 2038 impatiens3
2340 1977 2566 2022 omnes
2618 1957 2728 2020 alii
2780 1957 2987 2022 disso-

596 2058 733 2134 luti,
771 2059 881 2141 qui
921 2080 991 2123 se
1029 2060 1299 2123 miscere
1336 2060 1607 2142 perditis
1645 2061 1930 2135 mallent,
1967 2061 2077 2142 qui
2117 2061 2330 2142 perire
2370 2081 2520 2125 cum
2558 2060 2832 2136 miseris,
2873 2059 2984 2142 qui

594 2162 804 2226 alieno
845 2163 1112 2226 vulnere
1151 2161 1559 2227 vulnerati”?
1611 2162 1710 2243 (n.
1756 2163 1859 2243 1).
1933 2172 1937 2174 ’

679 2287 984 2362 “NesciO,
1036 2288 1154 2362 ais,
1217 2287 1484 2368 (frater,
1537 2287 2072 2370 Semproniam),
2126 2310 2210 2353 an
2262 2289 2502 2353 remitti
2553 2298 2852 2370 pecatum
2903 2288 2986 2352 ab

594 2391 912 2472 episcopis
980 2391 1187 2471 possit
1234 2441 1247 2455 .
1296 2440 1309 2454 .
1358 2441 1372 2455 .
1487 2390 1620 2455 Cur
1690 2391 1890 2471 igitur
1960 2391 2024 2454 N
2028 2391 2369 2455 ovatianus
2439 2402 2591 2455 tuus
2638 2442 2652 2455 .
2700 2441 2715 2455 .
2763 2442 2776 2455 .
2826 2391 2985 2456 haec

596 2492 843 2557 suasit?
938 2492 1161 2556 Habes
1216 2492 1523 2574 Cypriani
1574 2493 2038 2567 testimonium,
2093 2493 2399 2575 Cypriani
2452 2514 2646 2575 quem
2698 2514 2816 2558 nec
2866 2514 2984 2558 vos

594 2616 881 2678 unquam
923 2595 1247 2660 infamare
1289 2596 1611 2677 potuistis
1700 2597 1876 2660 Nam
1918 2596 2200 2677 quodam
2244 2596 2311 2658 in
2355 2597 2495 2660 loeo
2537 2597 2622 2659 ad
2666 2597 2983 2660 Antonia-

593 2719 749 2762 num
776 2699 900 2762 hoe
927 2699 1123 2761 modo
1153 2698 1443 2779 scripsit:
1516 2697 1857 2761 ‘Additum
1885 2708 1984 2761 est
2013 2699 2208 2761 etiam
2243 2698 2613 2762 Novatiano
2642 2709 2796 2762 tunc
2829 2699 2984 2762 scri-

593 2801 781 2866 bente
817 2812 881 2864 et
917 2801 1091 2882 quod
1126 2801 1492 2882 scripserat,
1530 2821 1647 2863 sua
1683 2820 1842 2863 voce
1881 2800 2210 2874 recitante,
2246 2810 2310 2864 et
2350 2800 2603 2881 Moyse,
2641 2810 2794 2863 tunc
2831 2820 2983 2864 con-

597 2903 847 2968 fessore
890 2924 1061 2967 nunc
1106 2903 1243 2984 jam
1290 2913 1573 2984 martyre
1619 2902 2077 2978 subscribente,
2125 2912 2196 2966 ut
2241 2902 2438 2983 lapsis
2485 2887 2758 2966 i‘nfirmis
2805 2912 2870 2966 et
2915 2903 2984 2964 in

594 3006 772 3069 exitu
819 3006 1186 3070 constitutis
1229 3026 1361 3087 pax
1405 3006 1705 3080 daretur;
1750 3026 1915 3085 quae
1959 3005 2209 3069 litterae
2253 3025 2369 3086 per
2411 3014 2622 3069 totum
2666 3005 2982 3068 mundum

592 3109 827 3172 missae
889 3118 1058 3184 sunt,
1121 3119 1185 3172 et
1245 3109 1312 3170 in
1374 3109 1671 3172 notitiam
1732 3108 2016 3172 ecclesiis
2080 3108 2377 3178 omnibus
2440 3109 2726 3189 perlatae
2789 3107 2981 3171 sunt'.

593 3209 771 3292 Quid
814 3211 931 3284 aiS,
978 3210 1444 3292 Semproniane
1490 3210 1740 3274 frater?
1829 3211 2237 3275 Novatianus
2280 3211 2436 3274 haec
2481 3210 2757 3290 scripsit,
2803 3221 2867 3273 et
2909 3219 2982 3272 ut

592 3312 971 3394 obsequium
1018 3334 1233 3376 merae
1280 3313 1632 3378 voluntatis
1679 3313 2087 3395 adjungeret,
2137 3314 2332 3376 etiam
2382 3313 2620 3394 scripta
2669 3311 2979 3376 recitavit.

592 3415 807 3479 Testis
843 3426 941 3479 est
974 3416 1119 3496 ejus
1156 3406 1445 3490 dextera,
1478 3417 1663 3480 testis
1699 3436 1864 3497 quae
1903 3417 2178 3498 scripsit,
2215 3436 2480 3479 manus:
2519 3415 2703 3478 testis
2741 3414 2980 3495 lingua,

592 3538 755 3599 quae
796 3517 990 3598 legit”
1041 3518 1138 3598 (n.
1184 3518 1286 3598 5).

674 3641 849 3706 “Sed
901 3641 1276 3723 poenitenti,
1334 3638 1604 3720 inquies,
1670 3637 2179 3720 (Semproniane
2239 3636 2509 3717 frater),
2566 3645 2828 3718 peccata
2884 3636 2979 3698 di-

592 3744 813 3818 mittis,
848 3764 996 3807 cum
1030 3752 1285 3806 tantum
1318 3743 1387 3804 in
1418 3742 1805 3823 baptismate
1837 3740 1953 3804 tibi
1991 3741 2176 3834 liceat
2213 3740 2506 3802 relaxare
2540 3748 2983 3820 peccatum.—

595 3846 749 3909 Non
784 3846 941 3908 mihi
978 3846 1188 3927 plane,
1224 3844 1337 3908 sed
1375 3845 1518 3908 Deo
1554 3843 1694 3918 soli,
1730 3843 1841 3925 qui
1879 3853 1943 3906 et
1982 3843 2047 3904 in
2082 3842 2467 3924 baptismate
2505 3842 2704 3905 donat
2740 3841 2979 3904 admis-

590 3968 755 4023 sum,
795 3958 858 4011 et
898 3948 1366 4029 poenitentium
1407 3948 1723 4027 lacrymas
1767 3965 1898 4008 non
1940 3945 2206 4026 repellit.
2295 3944 2598 4008 Ceterum
2641 3944 2816 4024 quod
2859 3962 2980 4024 ego

594 4049 787 4139 facio,
834 4050 901 4113 id
947 4071 1079 4114 non
1124 4071 1269 4114 meo
1318 4050 1486 4130 jure,
1533 4049 1649 4113 sed
1696 4047 1961 4111 Domini
2010 4097 2024 4111 .
2072 4096 2086 4111 .
2109 4043 2112 4048 ’
2135 4097 2150 4112 .
2239 4046 2462 4128 Quare
2511 4047 2647 4110 sive
2695 4045 2980 4127 baptiza-

590 4173 755 4227 muS‚
796 4152 932 4216 sive
970 4153 1054 4216 ad
1090 4153 1553 4235 poenitentiam
1592 4151 1904 4232 cogimus,
1945 4170 2059 4214 seu
2098 4151 2356 4214 veniam
2395 4149 2839 4232 peccatoribus
2881 4144 2981 4210 re-

590 4254 907 4330 laxamuS‚
956 4253 1216 4318 Christo
1261 4256 1327 4318 id
1370 4263 1635 4318 auctore
1678 4264 2050 4318 tractamus,
2139 4252 2287 4316 Tibi
2333 4252 2685 4316 videndum
2731 4261 2849 4326 est,
2895 4270 2979 4314 an

592 4356 891 4421 Christus
934 4356 1057 4420 hoc
1100 4357 1327 4438 possit,
1372 4377 1455 4419 an
1504 4356 1803 4420 Christus
1847 4356 1971 4420 hoc
2021 4354 2289 4420 fecerit”
2347 4355 2444 4437 (n.
2495 4354 2598 4434 7).

673 4474 787 4538 “Si
822 4475 1297 4557 poenitentibus
1335 4473 1630 4538 remissio
1663 4484 2075 4555 peccatorum
2111 4474 2250 4538 dari
2285 4473 2515 4555 potuit,
2549 4473 2666 4546 aiS,
2714 4470 2978 4552 (Semp-

589 4577 901 4658 proniane
955 4576 1227 4656 frater),
1276 4576 1597 4656 baptisma
1642 4599 1773 4640 non
1819 4578 1953 4660 fuit
2002 4573 2978 4642 necessarium.-—Insultissima

590 4679 1021 4761 comparatio!
1098 4678 1470 4759 Baptismus
1499 4680 1673 4742 enim
1706 4689 2182 4743 sacramentum
2213 4690 2311 4744 est
2341 4677 2702 4743 dominicae
2730 4674 2978 4758 passio-
