3509 5267
891 551 992 613 De
1032 549 1330 613 Clavium
1363 548 1717 612 Potestatis
1752 548 2123 611 Existentia
2157 548 2374 627 Atque
2411 546 2479 609 N
2483 562 2689 610 atum.
2880 548 2982 610 'll

598 733 875 798 abstinet
910 755 950 798 a
984 742 1249 816 peccato
1285 742 1552 815 propter
1585 751 1849 812 poenas,
1888 732 2001 795 sed
2040 732 2271 795 retinet
2305 730 2615 796 affectum
2652 731 2738 795 ad
2775 731 2988 812 ipsum

596 849 952 923 peccatum.
1032 838 1139 901 Ex
1178 838 1353 903 hisce
1391 838 1644 902 timoris
1685 837 2017 919 speciebus
2054 838 2284 902 ultima
2320 847 2573 901 tantum
2616 837 2988 918 rejicienda,

599 956 824 1028 utpote
865 946 1018 1028 quia
1058 945 1264 1020 mala;
1305 946 1538 1008 retinet
1579 945 1752 1007 enim
1796 943 2107 1007 affectum
2147 943 2641 1026 peccandi.—d)
2696 944 2991 1007 Tandem

599 1052 918 1133 assignari
973 1062 1187 1134 potest
1245 1062 1576 1133 tamquam
1634 1051 1952 1114 motivum
2010 1051 2094 1115 ad
2152 1050 2614 1132 poenitendum
2675 1049 2993 1114 motivum

600 1157 1114 1239 uniuscujusque
1156 1157 1435 1220 virtutis.

693 1260 814 1342 (N.
848 1260 961 1341 B.)
1040 1259 1313 1325 Attritio
1341 1259 1647 1323 definitur
1674 1260 1799 1324 sic:
1828 1259 2026 1324 animi
2055 1260 2242 1323 dolor
2270 1281 2346 1324 ac
2373 1260 2715 1324 detestatio
2743 1260 2986 1341 peccati

602 1364 927 1429 commissi
961 1366 1320 1447 procedens
1354 1385 1438 1427 ex
1473 1364 1719 1428 motivo
1756 1362 2251 1445 supernaturali,
2287 1384 2327 1427 a
2362 1364 2629 1427 caritate
2667 1363 2991 1436 distinct0,

602 1489 750 1531 cum
788 1468 1125 1550 proposito
1163 1488 1296 1531 non
1333 1468 1639 1549 peccandi
1682 1468 1764 1555 de
1804 1477 2038 1532 cetero.

685 1570 761 1651 a)
812 1571 1200 1653 Disputatur
1239 1572 1406 1635 inter
1445 1572 1782 1652 theologos
1822 1582 2043 1635 utrum
2084 1570 2357 1634 sufficiat
2398 1569 2644 1658 attritio
2684 1578 2994 1650 concepta

602 1678 686 1742 ob
721 1687 966 1741 metum
997 1698 1355 1759 poenarum
1391 1678 1863 1758 temporalium,
1897 1688 1969 1741 ut
2004 1698 2044 1741 a
2081 1677 2223 1741 Deo
2260 1677 2698 1740 immissarum
2734 1677 2838 1740 vel
2873 1676 2993 1738 im-

601 1783 1242 1848 mittendarum.—Si
1299 1783 1665 1848 includatur
1718 1785 2021 1848 voluntas
2075 1805 2115 1847 a
2167 1793 2431 1865 peccato
2486 1782 2870 1858 abstinendi,
2925 1790 2991 1843 et

605 1890 783 1954 Deus
829 1890 1274 1955 consideretur
1319 1901 1393 1954 ut
1436 1891 1680 1954 vindex
1727 1890 2258 1972 supernaturalis,
2305 1910 2435 1953 non
2479 1889 2670 1954 video
2717 1910 2834 1953 cur
2879 1889 2996 1951 ad-

603 1996 770 2060 mitti
821 2017 953 2061 non
998 1996 1206 2079 possit
1255 1996 1641 2060 affirmativa
1693 1997 2030 2070 sententia,
2082 2017 2230 2059 curn
2280 2016 2469 2059 casus
2521 1996 2626 2059 hic
2679 1995 2990 2058 reincidat

603 2101 670 2165 in
708 2102 1008 2166 timorem
1049 2103 1424 2184 simpliciter
1463 2103 1781 2177 servilem,
1821 2104 1931 2184 qui
1969 2103 2051 2166 ab
2088 2102 2387 2167 omnibus
2424 2101 2789 2166 admittitur
2826 2113 2993 2165 tam-

603 2229 798 2290 quam
844 2208 1164 2274 sufficiens
1209 2210 1525 2274 motivum
1569 2209 1939 2274 attritionis.
2032 2208 2101 2272 Si
2148 2219 2365 2272 autem
2410 2208 2839 2272 excludantur
2882 2208 2996 2270 illa

605 2315 755 2391 duo,
803 2324 959 2381 tunc
1005 2315 1163 2379 mihi
1212 2315 1470 2380 videtur
1518 2315 1774 2379 admitti
1824 2336 1955 2379 non
2006 2336 2197 2397 posse
2246 2315 2624 2396 hujusmodi
2676 2314 2994 2379 motivum

603 2430 934 2502 tamquam
977 2421 1320 2497 sufficienS,
1361 2422 1512 2504 quia
1556 2422 1624 2485 in
1665 2443 1821 2486 casu
1864 2422 2121 2486 nonnisi
2165 2421 2511 2485 haberetur
2552 2422 2748 2485 timor
2794 2420 2994 2485 servi-

605 2526 750 2590 liter
795 2528 1066 2603 servilis,
1113 2528 1222 2610 qui
1267 2530 1349 2592 ab
1395 2529 1694 2593 omnibus
1742 2528 2055 2608 rejicitur.
2149 2527 2487 2609 Quidquid
2536 2528 2639 2603 sit,
2688 2528 2755 2590 in
2800 2528 2991 2609 praxi

602 2632 1046 2698 confessarius
1103 2635 1388 2698 excitare
1446 2635 1634 2699 debet
1692 2635 2129 2716 poenitentem
2188 2635 2272 2697 ad
2328 2635 2624 2698 altiorem
2682 2634 2995 2709 dolorem,

605 2738 663 2801 ei
713 2741 1156 2821 proponendo,
1212 2740 1456 2804 motiva
1506 2751 1678 2831 certe
1733 2739 2112 2804 sufficientia
2164 2741 2248 2804 ad
2299 2740 2719 2816 attritionem,
2773 2741 2994 2815 imme,

604 2846 867 2927 expedit
895 2856 969 2910 ut
1002 2846 1059 2910 ei
1090 2856 1412 2928 proponat
1441 2846 1848 2911 contritionis
1882 2847 2145 2922 motiva,
2176 2856 2402 2929 utpote
2432 2845 2909 2928 perfectiora²⁶.
2927 2838 2988 2847 ‘-

684 2947 762 3028 b)
835 2949 1046 3014 Immo
1104 2950 1300 3013 etiarn
1359 2950 1728 3031 disputatur
1790 2950 1958 3013 inter
2019 2949 2376 3030 theologOS,
2438 2959 2658 3013 utrum
2720 2949 2993 3013 sufficiat

602 3054 849 3119 attritio
906 3066 1216 3137 concepta
1271 3077 1357 3120 ex
1412 3059 1552 3120 solo
1613 3066 1790 3118 metu
1848 3056 2199 3137 gehennae,
2258 3055 2500 3136 absque
2562 3076 2669 3129 sc„
2730 3055 2991 3139 aliquali

603 3182 824 3226 amore
876 3162 1018 3226 Dei.
1111 3161 1531 3226 Affirmantes
1579 3172 1897 3227 vocantur
1947 3162 2423 3237 attritionistae,
2475 3172 2785 3242 negantes
2834 3181 2995 3225 vero

603 3268 756 3332 dicti
808 3279 960 3333 sunt
1005 3268 1537 3333 contritionistae.
1629 3268 1899 3332 Exortis
1949 3268 2117 3331 inter
2166 3268 2341 3349 ipsos
2390 3268 2696 3349 gravibus
2745 3266 2995 3332 dissen-

601 3374 904 3451 tionibus,
938 3376 1319 3439 Alexander
1359 3373 1509 3451 VII,
1547 3375 1651 3439 die
1690 3379 1726 3437 5
1767 3374 1938 3456 Maji
1978 3378 2160 3449 1667,
2196 3374 2522 3455 praecepit
2560 3385 2632 3438 ut
2669 3374 2840 3438 “non
2878 3394 2993 3438 au—

601 3480 795 3544 deant
829 3480 1108 3561 alicujus
1142 3480 1539 3561 theologicae
1573 3501 1883 3551 censurae
1917 3480 2265 3544 alteriusve
2300 3479 2581 3561 injuriae
2616 3490 2729 3543 aut
2765 3488 2994 3543 contu-

600 3586 828 3650 meliae
869 3596 1023 3649 nota
1063 3597 1291 3650 taxare
1333 3587 1713 3650 alterutram
1757 3586 2162 3660 sententiam,
2206 3585 2341 3650 sive
2384 3595 2727 3666 negantem
2771 3604 2991 3648 neces-

603 3691 859 3756 sitatem
906 3692 1202 3773 aliqualis
1251 3692 1612 3757 dilectionis
1663 3692 1785 3756 Dei
1837 3692 1904 3755 in
1950 3691 2253 3773 praefata
2300 3692 2631 3755 attritione
2678 3710 2763 3753 ex
2812 3699 2992 3754 metu

599 3797 929 3877 gehennae
990 3808 1321 3880 concepta,
1383 3817 1548 3879 quae
1611 3798 1805 3861 hodie
1872 3798 2039 3860 inter
2104 3796 2519 3861 scholasticos
2584 3789 2990 3861 communior

598 3903 876 3979 videtur,
915 3903 1050 3968 sive
1085 3913 1479 3968 asserentem
1515 3904 1723 3967 dictae
1761 3903 2121 3967 dilectionis
2158 3902 2625 3978 necessitatem,
2664 3903 2869 3966 donec
2905 3903 2989 3966 ab

599 4009 720 4073 hac
763 4009 932 4074 Sede
978 4009 1180 4075 fuerit
1221 4010 1466 4092 aliquid
1509 4010 1629 4074 hac
1670 4010 1738 4072 in
1784 4030 1853 4072 re
1898 4008 2297 4073 definitum'’.
2383 4008 2537 4072 Huc
2579 4029 2783 4090 usque
2827 4009 2987 4072 nihil
3093 4062 3097 4067 ,

599 4115 937 4179 definitum
979 4127 1095 4180 est.
1188 4116 1316 4180 Sed
1360 4117 1428 4179 in
1467 4116 1657 4197 praxi
1703 4105 1921 4179 statim
1964 4136 2041 4180 ac
2081 4124 2335 4179 constat
2377 4115 2724 4196 quemlibet
2765 4115 2988 4197 poeni-

597 4230 840 4287 tentem
880 4242 1033 4287 vere
1075 4222 1370 4286 attritum
1415 4243 1576 4297 esse,
1619 4233 1813 4303 atque
1855 4230 2118 4303 peccata
2160 4241 2355 4302 super
2396 4221 2615 4285 omnia
2659 4220 2989 4296 detestari,

599 4327 1030 4391 absolvendus
1073 4337 1192 4402 est,
1235 4328 1387 4409 quia
1429 4327 1863 4409 dispositus²⁷.

679 4496 739 4534 2⁶
757 4497 880 4552 cfr.
923 4496 1192 4563 Ferraris,
1237 4497 1305 4552 O.
1349 4498 1407 4551 F.
1451 4498 1548 4563 M„
1591 4497 1861 4561 Prompta
1904 4497 2266 4561 Bibliotheca,
2309 4505 2441 4551 tom.
2483 4496 2586 4561 VI,
2629 4514 2765 4551 voce
2807 4497 2985 4551 “Poe-

597 4566 864 4621 nitentiae
897 4568 1356 4630 sacramentum’',
1387 4578 1491 4621 art.
1526 4567 1599 4631 ΙΙ,
1632 4577 1688 4621 et
1717 4566 2037 4631 Appendix.

681 4648 738 4687 2⁷
757 4651 1105 4715 Tanquerey,
1143 4652 1228 4705 De
1267 4651 1502 4716 Poenit.,
1538 4668 1654 4716 cap.
1694 4651 1768 4716 11,
1807 4661 1908 4706 art.
1947 4652 2023 4716 ΙΙ,
2061 4670 2112 4705 n.
2154 4652 2265 4716 144,
2301 4650 2431 4706 edit.
2472 4651 2550 4715 13,
2586 4669 2728 4716 quae
2766 4668 2989 4716 semper

597 4718 817 4785 citatur,
858 4719 966 4773 nisi
1005 4719 1159 4774 aliud
1197 4730 1440 4776 notetur.
