3509 5267
528 521 608 585 18
826 519 928 582 De
965 515 1262 582 Cluvium
1295 512 1649 579 Potestatis
1685 512 2054 578 Existentia
2089 512 2307 593 Atque
2344 512 2625 577 Natura.

529 702 651 768 sub
686 698 1056 783 justitia”⁸‘.
1137 697 1346 761 Paulo
1381 694 1562 759 infra
1602 693 1668 761 S.
1709 694 1977 769 Doctor,
2013 693 2312 776 quamvis
2349 693 2725 772 dubitative,
2762 716 2923 759 enu-

527 815 734 869 merat
767 800 1232 886 poenitentiam
1265 798 1434 863 inter
1467 807 1686 880 partes
1720 796 2105 879 potentiales
2140 797 2345 879 ipsius
2381 796 2692 878 justitiae.
2748 796 2919 862 “Si-

527 918 638 973 cut
675 906 850 971 enim
893 904 1214 969 fortitudo
1250 903 1488 967 multos
1527 901 1721 966 habet
1761 920 1977 967 ramos
2016 901 2099 965 ab
2139 921 2271 965 una
2312 901 2529 966 radice
2567 903 2921 984 proceden-

527 1022 646 1089 tes,
683 1020 758 1075 ut
791 1008 1191 1093 patientiam,
1226 1006 1797 1089 perseverantiam,
1837 1004 2162 1080 fiduciam,
2200 1025 2369 1087 quae
2406 1004 2683 1069 induunt
2722 1026 2919 1070 unam

531 1114 884 1189 rationem;
917 1113 1010 1178 sic
1042 1112 1239 1176 etiam
1271 1110 1546 1191 justitia,
1579 1120 1655 1174 ut
1685 1119 1845 1192 puta
1879 1108 2265 1191 largitatem,
2301 1109 2628 1191 pietatem,
2662 1109 2923 1173 humili-

531 1226 752 1291 tatem,
791 1214 1245 1288 obedientiam,
1284 1212 1771 1296 poenitentiam,
1813 1232 1978 1293 quae
2024 1211 2198 1276 forte
2242 1221 2393 1275 sunt
2436 1221 2653 1294 partes
2696 1222 2923 1294 poten-

532 1319 718 1383 tiales
765 1317 969 1399 ipsius
1015 1315 1278 1381 virtutis
1325 1314 1733 1397 justitiae”⁸⁷.
1830 1315 1993 1379 Pars
2043 1314 2413 1397 potentialis
2475 1313 2676 1396 (quae
2724 1314 2924 1379 etiam

532 1421 769 1485 dicitur
807 1420 1017 1485 virtus
1055 1417 1348 1497 annexa)
1398 1429 1497 1482 est
1535 1417 1745 1481 virtus
1786 1417 1890 1481 cui
1932 1418 2236 1481 convenit
2274 1426 2529 1481 tantum
2570 1436 2724 1499 pars
2765 1416 2925 1481 defi·-

532 1524 798 1589 nitionis
831 1522 1098 1587 alterius
1133 1521 1415 1596 virtutis,
1450 1542 1582 1585 non
1617 1531 1837 1585 autem
1872 1531 2013 1585 tota
2051 1521 2218 1585 ratio
2256 1541 2369 1585 seu
2407 1520 2717 1585 definitio.

616 1627 1025 1692 Poenitentia
1076 1626 1274 1708 igitur
1328 1625 1659 1689 reducitur
1712 1626 1797 1690 ad
1850 1624 2141 1706 justitiae
2196 1625 2527 1699 virtutem,
2579 1624 2771 1705 cujus
2824 1632 2926 1689 est

535 1752 688 1815 pars
731 1730 1121 1814 potentialis.
1215 1730 1293 1792 In
1339 1730 1462 1793 hoc
1506 1729 1901 1793 conveniunt
1948 1749 2175 1794 omnes
2226 1728 2519 1795 Scholae.
2610 1730 2929 1793 Tantum·-

535 1836 732 1899 modo
763 1845 1052 1899 remanet
1083 1833 1346 1915 aliquod
1379 1832 1714 1897 dubiolum
1747 1833 1921 1898 circa
1953 1832 2245 1914 justitiae
2276 1832 2577 1913 speciem,
2612 1833 2696 1897 ad
2730 1852 2927 1913 quam

537 1938 904 2003 reducenda
959 1937 1045 2003 sit
1102 1936 1517 2020 poenitentia.
1598 1936 1732 1999 Alii
1796 1956 1945 2001 cum
2007 1937 2088 1999 D.
2150 1936 2407 1999 Thoma
2464 1934 2929 2019 poenitentiam

537 2042 854 2105 collocant
898 2040 966 2103 in
1012 2040 1266 2122 justitia
1313 2040 1775 2105 commutativa
1785 2061 1813 2116 ;
1856 2040 1966 2104 alii
2011 2060 2161 2104 cum
2210 2039 2375 2103 Ven.
2428 2037 2627 2104 Scoto
2674 2038 2741 2101 in
2790 2036 2927 2117 jus-

538 2145 683 2210 titia
721 2144 1136 2220 vindicativa,
1179 2165 1294 2209 seu
1336 2144 1650 2226 punitiva,
1695 2144 1863 2209 sicut
1904 2143 2043 2226 ipse
2086 2142 2196 2208 ait.
2284 2143 2416 2208 Sed
2460 2142 2625 2207 Ven.
2674 2142 2929 2215 Scotu5‚

538 2256 613 2312 ut
649 2266 847 2328 supra
881 2246 1124 2321 notavi,
1162 2246 1447 2311 admittit
1481 2247 1947 2330 poenitentiam
1985 2246 2205 2328 aliquo
2242 2246 2439 2310 modo
2480 2244 2699 2309 reduci
2738 2248 2954 2326 posse'

538 2352 624 2415 ad
655 2350 976 2431 justitiam
1007 2350 1557 2414 commutativam.
1634 2350 1742 2412 Ex
1776 2351 1980 2414 altera
2010 2370 2169 2414 vero
2200 2359 2385 2431 parte
2420 2348 2657 2429 inclyta
2695 2346 2935 2412 Schola

541 2453 848 2517 thomista
896 2464 1028 2516 non
1075 2462 1252 2517 tenet
1296 2452 1761 2536 poenitentiam
1811 2473 1953 2517 esse
2004 2451 2224 2517 stricte
2272 2452 2595 2534 justitiam
2642 2470 2935 2515 commu-

541 2557 832 2631 tativam,
881 2558 996 2620 sed
1041 2567 1295 2620 tantum
1343 2566 1518 2621 tenet
1567 2578 1709 2621 esse
1753 2567 2007 2638 partem
2055 2556 2472 2639 potentialem
2523 2555 2692 2619 illius
2743 2554 2932 2635 justi-

542 2660 690 2725 tiae.
767 2660 920 2724 Non
953 2681 1110 2742 ergo
1147 2659 1370 2724 fervor
1403 2661 1660 2725 scholae
1692 2681 1813 2726 nos
1850 2660 2049 2724 faciat
2082 2660 2303 2725 videre
2338 2657 2933 2724 irreconciliabilem

543 2764 1036 2845 oppositionem.
1125 2758 1310 2827 Haec
1354 2764 1528 2827 enim
1574 2784 1801 2828 revera
1846 2785 1981 2854 non
2021 2764 2225 2839 adest,
2272 2784 2421 2827 cum
2466 2763 2670 2827 altera
2714 2760 2939 2843 opinio

556 2867 758 2948 (Ven.
802 2867 1016 2947 Scoti)
1066 2868 1430 2932 consideret
1469 2867 1714 2949 peccati
1755 2868 2249 2949 punibilitatem‚
2289 2868 2493 2931 altera
2545 2862 2924 2947 (thomista)

546 2972 902 3052 punitionis
947 2972 1392 3053 quantitatem,
1442 2982 1514 3035 ut
1562 2972 1719 3035 mihi
1768 2972 2044 3035 videtur.
2141 2972 2485 3035 Peccatum
2535 2968 2937 3051 puniendum

547 3083 666 3150 est,
711 3075 802 3139 ait
848 3075 1012 3139 Ven.
1065 3075 1334 3151 Scotus;
1380 3075 1760 3140 Thomistae
1804 3095 1953 3139 cum
1999 3074 2314 3156 Angelico
2361 3074 2617 3137 dicunt:
2664 3070 2939 3154 punien-

547 3179 704 3242 dum
740 3189 837 3243 est
872 3180 956 3243 ad
991 3179 1465 3260 aequalitatem,
1501 3179 1569 3241 in
1607 3189 1922 3261 quantum
1957 3177 2263 3261 possibile
2298 3187 2414 3241 est.
2494 3175 2663 3241 Aliis
2699 3174 2939 3248 verbiS,

547 3280 943 3363 poenitentia
992 3282 1235 3364 aliquid
1285 3282 1478 3346 habet
1527 3304 1612 3346 ex
1662 3282 1917 3363 justitia
1966 3302 2099 3345 non
2149 3290 2403 3344 tantum
2452 3278 2939 3351 commutativa,
3026 3360 3028 3363 Α

547 3386 662 3449 sed
701 3384 898 3449 etiam
936 3386 1249 3467 punitiva.
1331 3386 1535 3450 Estne
1575 3386 1680 3450 hic
1718 3384 2148 3451 contradictio
2184 3382 2445 3465 aliqua?

1199 3556 1255 3616 5.
1339 3553 1606 3635 Proprii
1638 3553 1888 3634 peccati
1924 3552 2284 3617 detestatiO.

634 3680 714 3743 In
759 3679 1192 3763 poenitentiae
1243 3678 1617 3744 definitione
1665 3679 1903 3745 dicitur
1950 3678 2413 3761 poenitentiam
2461 3679 2791 3743 hominem
2841 3678 2942 3741 in-

548 3784 791 3849 clinare
829 3784 913 3847 ad
951 3782 1312 3864 personalis
1352 3804 1467 3847 seu
1505 3782 1757 3863 proprii
1796 3783 2289 3847 detestationem
2327 3782 2593 3863 peccati.
2677 3782 2764 3846 Et
2804 3802 2941 3845 me-
3004 3825 3010 3831 -

551 3888 712 3963 rito;
768 3908 920 3951 nam
976 3887 1373 3970 poenitentia
1427 3897 1526 3951 est
1585 3887 1958 3953 retractatio
2015 3887 2369 3967 quaedam;
2426 3886 2541 3949 sed
2599 3886 2669 3949 id
2728 3885 2941 3949 solum

549 3991 810 4073 proprie
862 3991 1196 4055 retractari
1245 4000 1479 4073 potest,
1530 3991 1705 4072 quod
1763 3989 1890 4054 fuit
1940 3989 2205 4072 propria
2255 3989 2588 4053 voluntate
2637 3987 2944 4051 commis·-
3012 4014 3016 4018 ·

551 4115 695 4159 sum
715 4108 922 4176 pergo
953 4094 1350 4178 poenitentia
1383 4104 1690 4159 versatur>
1713 4094 1887 4157 circa
1920 4103 2065 4157 acta
2099 4091 2365 4174 propria
2398 4092 2731 4155 voluntate
2763 4110 2944 4155 com-

551 4198 769 4274 missa,
813 4209 878 4262 et
922 4198 1185 4280 quidem
1227 4197 1399 4261 circa
1443 4208 1587 4262 acta
1631 4198 1824 4273 mala,
1867 4218 2016 4261 curn
2059 4204 2292 4277 agatur
2338 4195 2419 4258 de
2465 4193 2942 4258 retractatione.

551 4300 755 4383 Atqui
796 4309 942 4363 acta
983 4301 1154 4364 mala
1197 4300 1463 4382 propria
1504 4300 1838 4364 voluntate
1877 4298 2093 4381 posita
2136 4318 2267 4361 non
2312 4305 2464 4360 sunt
2509 4296 2633 4361 nisi
2678 4305 2947 4377 peccata

550 4403 952 4485 personalia;
992 4423 1152 4485 ergo
1188 4402 1452 4485 proprie
1491 4403 1815 4484 loquendo
1851 4400 2249 4485 poenitentia
2288 4399 2511 4464 haberi
2552 4398 2775 4481 nequit
2816 4396 2947 4463 nisi.

551 4506 633 4570 de
659 4504 940 4588 pecoetis
967 4505 1434 4589 personalibus.
1511 4505 1620 4570 Sic
1651 4504 1869 4587 magni
1898 4503 2180 4584 theologi
2214 4502 2517 4568 sentiunt.
2593 4500 2948 4573 Audiatur,

619 4669 683 4708 ⁸⁰
699 4668 806 4735 Op.
837 4669 982 4734 Om.‚
1013 4680 1146 4725 tom.
1181 4670 1282 4735 IV,
1311 4688 1437 4737 pag.
1465 4670 1580 4725 322.
1715 4668 1932 4725 ⁸⁷1bid.
