3509 5267
613 556 698 619 34
919 558 1020 621 De
1057 556 1356 620 clavium
1387 556 1742 621 Potestatis
1778 557 2147 622 Existentia
2182 559 2399 639 Atque
2438 560 2715 625 Natura.

616 740 1002 822 subjectum.
1091 738 1221 805 Sed
1262 740 1345 804 ad
1386 740 1508 803 hoc
1547 750 1620 804 ut
1661 740 1744 804 sit
1787 760 1939 804 vere
1980 751 2043 804 et
2082 741 2345 823 proprie
2387 742 2753 823 subjectum
2797 744 3009 825 requi·—

619 844 804 918 ritur,
837 854 909 908 ut
938 843 1170 907 habeat
1200 844 1544 908 nonnullas
1576 843 2261 927 dispositiones—esse
2293 845 2482 910 debet
2514 846 2687 910 enim
2723 847 2844 911 rite
2879 848 3009 912 dis-

587 947 886 1029 positus.
979 947 1455 1028 Dispositiones
1501 946 1649 1011 illae
1695 957 1880 1011 sunt:
1972 947 2047 1028 a)
2104 949 2319 1014 cordis
2367 950 2691 1025 contritio,
2739 950 2816 1031 b)
2874 950 3007 1013 oris

602 1050 968 1124 confessio,
1005 1050 1078 1131 c)
1127 1051 1342 1132 operis
1383 1050 1769 1126 satisfactio,
1811 1072 1926 1116 seu
1968 1052 2217 1128 melius,
2258 1052 2704 1118 satisfaciendi
2746 1063 3009 1129 votum:

616 1175 788 1229 nam,
828 1164 900 1217 ut
940 1154 1172 1235 aliquis
1211 1154 1604 1230 absolvatur,
1645 1175 1778 1218 non
1819 1155 2170 1238 requiritur
2209 1164 2281 1220 ut
2320 1158 2504 1238 prius
2544 1158 3007 1239 poenitentiam

616 1258 978 1338 injunctam
1014 1268 1302 1340 peragat,
1338 1269 1410 1323 ut
1445 1268 1698 1323 constat
1735 1280 1821 1322 ex
1857 1260 2270 1324 damnatione
2307 1260 2508 1341 hujus
2542 1260 3007 1343 propositionis

617 1361 801 1425 Petri
837 1362 915 1426 de
961 1362 1197 1427 Osma:
1277 1363 1475 1426 “Non
1515 1374 1668 1427 sunt
1704 1363 2079 1427 absolvendi
2117 1364 2540 1446 poenitenteS,
2579 1365 2706 1429 nisi
2747 1374 3011 1447 peraeta

615 1465 1012 1546 poenitentia
1046 1466 1140 1530 eis
1176 1465 1585 1547 injuncta”⁰⁷.

702 1576 1039 1639 Acerrime
1072 1576 1474 1658 disputatum
1504 1586 1620 1652 est,
1652 1587 1715 1641 et
1745 1578 1912 1659 proh
1944 1578 2164 1642 dolor!
2196 1578 2566 1660 disputatur
2597 1579 2810 1644 adhuc
2842 1579 3012 1643 inter

616 1677 972 1759 theologoS,
1034 1688 1258 1742 utrum
1319 1679 1464 1742 illae
1527 1679 1983 1761 dispositiones
2048 1680 2346 1743 dicantur
2409 1690 2473 1744 et
2538 1680 2667 1746 sint
2729 1686 2881 1745 vere
2943 1690 3008 1743 et

615 1782 878 1862 proprie
928 1782 1199 1846 materia
1247 1784 1549 1864 proxima
1599 1785 1986 1847 sacramenti
2040 1784 2503 1849 Poenitentiae.
2602 1784 2803 1850 Circa
2841 1785 3009 1847 hanc

617 1884 1019 1966 questionem
1064 1887 1360 1967 neganda
1401 1896 1572 1961 sunt,
1616 1888 1844 1951 saltem
1887 1888 2038 1963 duo,
2081 1909 2247 1969 quae
2298 1889 2357 1952 V
2358 1910 2457 1954 en
2500 1888 2697 1953 scoto
2743 1899 2806 1953 et
2851 1888 3007 1953 Sco-

617 1987 787 2052 tistis
849 1988 993 2069 (qui
1044 1999 1264 2053 tenent
1317 1990 1793 2065 contritionem,
1844 1992 2324 2056 confessionem
2376 2003 2441 2056 et
2494 1992 3006 2057 satisfactionem

617 2091 1073 2173 dispositiones
1113 2094 1289 2174 esse)
1340 2094 1805 2177 impinguntur.

703 2200 998 2264 Primum
1036 2210 1134 2264 est
1174 2199 1333 2262 illud
1371 2200 1546 2281 quod
1584 2200 1817 2263 asserit
1856 2200 2262 2281 Tanquerey,
2303 2201 2403 2263 De
2444 2200 2718 2276 Poenit„
2758 2222 2821 2266 n.
2866 2200 3007 2279 164,

618 2304 770 2380 edit,
800 2322 898 2385 13,
923 2304 1103 2368 nullo
1125 2304 1458 2367 nominato
1484 2313 1748 2368 auctore
1776 2304 2059 2367 scotista.
2106 2304 2313 2384 Juxta
2338 2304 2742 2385 Tanquerey,
2770 2304 3009 2368 Scotus

616 2416 992 2491 veteresque
1047 2406 1344 2488 discipuli
1397 2405 1544 2487 ejus
1596 2416 1949 2470 tenuerunt
1999 2416 2132 2471 tres
2186 2406 2331 2470 illos
2384 2416 2567 2470 actus
2619 2404 3008 2489 poenitentis

508 2564 526 2578 ,
616 2530 748 2574 non
791 2510 1000 2574 solum
1043 2508 1498 2591 dispositiones
1543 2530 1703 2584 esse,
1749 2510 1863 2573 sed
1908 2509 2103 2573 etiarn
2145 2509 2547 2573 conditiones
2593 2509 2731 2573 sine
2773 2509 3007 2591 quibus

615 2634 782 2689 non;
821 2614 1166 2678 recetiores
1201 2622 1418 2677 autem
1462 2612 1779 2677 Scotistae
1818 2622 2058 2687 tenent,
2098 2614 2291 2694 juxta
2330 2613 2736 2695 Tanquerey,
2777 2612 3007 2691 hujus-

616 2717 791 2781 modi
857 2726 1040 2781 actus
1103 2737 1245 2781 esse
1311 2726 1562 2780 tantum
1626 2716 2376 2797 dispositiones—Haec
2444 2716 2772 2779 distinctio
2838 2716 3008 2778 inter

620 2820 933 2886 Scotistas
982 2832 1232 2885 veteres
1284 2831 1348 2884 et
1401 2820 1715 2885 Scotistas
1765 2821 2113 2885 modernos
2165 2820 2431 2884 omnino
2485 2819 2837 2902 rejicienda
2887 2827 3005 2893 est,

617 2926 795 2989 salva
833 2926 1210 2989 reverentia.
1294 2924 1542 2989 Omnes
1579 2925 1751 2988 enim
1794 2924 2110 2989 Scotistae
2147 2934 2367 2987 tenent
2405 2923 2783 3004 hujusmodi
2822 2932 3006 2986 actus

616 3050 758 3093 esse
789 3028 1244 3111 dispositiones
1276 3038 1339 3092 et
1369 3029 1772 3093 conditiones
1806 3029 1942 3092 sine
1975 3029 2207 3110 quibus
2240 3049 2392 3103 non,
2425 3049 2573 3092 cum
2608 3027 2771 3092 Ven.
2809 3026 3006 3091 Scoto

616 3132 827 3195 aiente
864 3133 1217 3196 sacerdotis
1255 3133 1639 3196 sententiam
1675 3133 1894 3197 “nullo
1932 3132 2169 3196 modo”
2206 3133 2561 3207 absolvere,
2598 3132 2741 3195 “vel
2780 3132 3009 3195 saltem

616 3255 748 3298 non
779 3234 1138 3309 efficaciter,
1171 3234 1294 3298 nisi
1332 3255 1480 3299 reus
1512 3235 1616 3298 ille
1651 3236 1733 3299 sit
1768 3236 1835 3298 in
1868 3257 1936 3299 se
1970 3235 2186 3299 debito
2219 3235 2414 3298 modo
2448 3233 2820 3316 disposituS,
2854 3233 3007 3313 quia

581 3365 590 3371 ,
620 3337 1110 3425 Sacramentum
1138 3349 1237 3402 est
1266 3338 1520 3420 signum
1549 3339 1973 3403 absolutionis
2004 3338 2349 3414 interioris,
2380 3359 2545 3419 quae
2575 3337 2843 3401 interior
2875 3356 3007 3399 non

616 3441 1105 3515 concomitatur,
1152 3441 1276 3505 nisi
1326 3442 1408 3505 sit
1454 3441 1669 3505 debita
1715 3441 2055 3523 dispositio
2102 3442 2169 3504 in
2216 3451 2431 3505 mente
2478 3440 2748 3505 interius
2796 3440 3006 3503 absol-

615 3544 872 3618 vendi'’,
924 3544 964 3607 i.
1017 3565 1093 3620 e.,
1148 3544 1441 3625 subjecti.
1540 3546 1688 3609 Hae
1739 3545 2196 3627 dispositiones
2250 3545 2668 3625 requiruntur
2722 3542 3005 3623 “simpli-

614 3647 836 3723 citer'',
874 3669 1057 3712 secus
1093 3648 1421 3713 “inutilis’'
1457 3660 1555 3713 est
1590 3649 1912 3713 absolutio
1946 3649 2129 3712 i11a⁶⁸.
2212 3648 2380 3713 Aliis
2415 3648 2650 3723 verbis,
2686 3657 2841 3711 sunt
2875 3645 3005 3710 dis-

614 3752 968 3833 positiones
1017 3752 1362 3832 requisitae
1409 3753 1494 3816 ad
1539 3753 1823 3817 validam
1871 3753 2254 3817 sacramenti
2308 3752 2757 3833 receptionem.
2852 3750 3006 3813 Non

614 3856 743 3919 cito
782 3854 1096 3920 Scotistas
1130 3876 1250 3937 pro
1286 3857 1428 3931 hoc,
1464 3857 1616 3939 quia
1650 3878 1877 3921 omnes
1912 3857 2110 3920 citare
2148 3856 2466 3920 deberem.

692 3965 1012 4041 Alterum,
1038 3966 1214 4047 quod
1237 3966 1459 4048 negari
1487 3967 1694 4040 debet,
1723 3977 1823 4031 est
1846 3967 2009 4030 Ven.
2041 3966 2307 4030 Scotum
2332 3986 2603 4047 negasse
2628 3960 3006 4045 hujusmodi

614 4079 796 4132 actus
834 4089 975 4133 esse
1008 4078 1229 4150 partes
1264 4070 1647 4133 sacramenti
1685 4070 2137 4150 poenitentiae.
2219 4068 2328 4133 Ad
2365 4069 2541 4149 quod
2563 4067 3005 4150 probandum,

614 4169 896 4234 citantur
938 4171 1046 4234 illa
1093 4172 1396 4235 Doctoris
1438 4172 1668 4235 verba:
1758 4173 1937 4236 “Ista
1982 4172 2108 4234 tria
2164 4170 2521 4251 (contritio,
2568 4170 2898 4234 confessio
2941 4178 3006 4232 et

615 4272 1014 4353 satisfactio)
1057 4275 1234 4337 nullo
1267 4274 1463 4338 modo
1497 4285 1647 4339 sunt
1677 4286 1897 4357 partes
1930 4274 2139 4355 ejus'',
2176 4295 2283 4349 sc„
2315 4273 2768 4356 poenitentiae,
2814 4270 3005 4351 (Loc.

613 4375 717 4440 cit.
731 4375 786 4455 ).
828 4376 913 4439 Et
953 4376 1180 4452 Pesch,
1219 4378 1320 4440 De
1357 4377 1634 4453 Poenit„
1673 4400 1734 4441 n.
1778 4392 1877 4481 73,
1916 4386 2259 4458 postquam
2298 4376 2521 4440 citavit
2563 4374 2758 4439 Cone.
2802 4374 3006 4449 Trid„

612 4478 788 4560 quod
821 4478 1056 4542 docet‘
1061 4479 1200 4543 ‘hos
1233 4489 1415 4543 actus
1448 4500 1588 4544 esse
1619 4490 1839 4562 partes
1872 4490 1935 4543 et
1968 4479 2183 4561 quasi·
2157 4478 2524 4542 -materiam
2556 4476 2758 4560 hujus
2793 4497 3007 4541 sacra-

687 4649 743 4685 67
763 4650 963 4702 Denz.-
967 4651 1121 4713 Bau„
1154 4668 1204 4703 n.
1239 4651 1366 4713 7283
1401 4652 1507 4705 cfr.
1543 4668 1594 4705 n.
1630 4650 1777 4715 1306,
1812 4652 1955 4716 1308,
1992 4651 2135 4715 1437,
2172 4651 2316 4705 1535.
2359 4707 2364 4712 ,

697 4720 752 4759 ⁶⁸
772 4720 960 4776 Oxon.
987 4724 1036 4788 4,
1067 4722 1117 4776 d.
1149 4723 1228 4787 16,
1255 4741 1304 4787 q.
1336 4723 1381 4786 1,
1410 4741 1461 4777 n.
1491 4724 1540 4777 7.
