3509 5267
915 556 1017 618 De
1057 553 1355 618 Clavium
1387 521 1742 618 Potestatis
1778 552 2400 651 Existentia-Atque
2435 552 2714 615 Natura.
2931 551 3013 616 87

707 735 939 817 Resp.:
1034 735 1106 798 N
1107 755 1247 815 eqo,
1303 732 1371 799 S.
1429 734 1889 796 Bonaventura
1944 752 2077 797 non
2131 731 2335 814 exigit
2389 732 2686 796 eamdem
2738 732 3015 814 disposi-

614 837 886 902 tionem.
982 837 1049 902 S.
1102 837 1562 900 Bonaventura
1614 835 1895 900 instituit
1945 835 2496 917 comparationem
2545 835 2715 899 inter
2771 834 3014 899 Smam.

624 939 1103 1005 Eucharistiam
1144 950 1210 1005 et
1251 939 1754 1013 confessionem,
1800 940 2017 1020 quoad
2059 938 2508 1026 necessitatem
2551 937 3014 1020 dispositionis,

617 1063 758 1106 non
808 1053 1027 1106 autem
1078 1042 1294 1123 quoad
1344 1041 1721 1123 qualitatem
1773 1041 2233 1124 dispositionis,
2332 1039 2466 1122 Qui
2519 1041 2660 1105 vult
2712 1042 3016 1105 accedere

615 1147 707 1208 ad
746 1145 1227 1210 confessionem
1264 1165 1335 1209 se
1372 1145 1716 1227 disponere
1754 1144 1944 1209 debet
1982 1144 2148 1208 sicut
2186 1164 2257 1209 se
2295 1144 2639 1226 disponere
2661 1143 2867 1208 *debet
2905 1143 3015 1225 qui

617 1248 765 1312 vult
808 1248 1114 1312 accedere
1158 1249 1244 1312 ad
1291 1246 1533 1312 Smam.
1586 1247 2085 1311 Eucharistiam.
2179 1246 2309 1311 Sed
2358 1245 2674 1328 numquid
2723 1246 3018 1311 eamdem

619 1350 1115 1433 dispositionem
1174 1350 1412 1414 habere
1471 1350 1660 1415 debet
1717 1351 1828 1432 qui
1887 1342 2234 1416 confitetur
2291 1370 2369 1414 ac
2428 1349 2535 1413 ille
2592 1349 2704 1430 qui
2767 1370 3016 1414 sacram

627 1451 946 1534 Synaxim
984 1452 1255 1535 recipit?
1335 1453 1400 1517 N
1403 1454 1675 1535 egative.
1758 1453 1934 1518 Nam
1969 1453 2365 1535 poenitentia
2404 1464 2503 1517 est
2543 1463 3017 1517 sacramentum

620 1555 1003 1636 acquirendi
1058 1555 1371 1636 gratiam;
1431 1555 1842 1620 Eucharistia
1901 1566 2000 1620 est
2059 1566 2534 1621 sacramentum
2593 1554 3018 1638 promovendi

619 1668 692 1721 et
730 1658 1199 1739 auqmentandi
1238 1659 1534 1740 gratiam.
1624 1659 1910 1742 Ideoque
1954 1679 2088 1723 non
2134 1658 2485 1740 requiritur
2530 1659 2756 1722 eadem
2802 1659 3019 1741 dispo-

624 1759 796 1824 sitio.
906 1760 1337 1844 “Respondeo
1356 1761 1549 1825 z—ait
1615 1761 1682 1826 S.
1749 1761 2425 1836 Bonaventura,—Ad
2488 1762 2724 1826 horum
2788 1761 3020 1825 intelli-

620 1862 911 1943 gentiam
952 1864 1310 1928 notandum
1350 1875 1468 1940 est,
1510 1865 1685 1947 quod
1723 1866 2044 1947 quaedam
2083 1875 2235 1930 sunt
2277 1874 2681 1930 sacramenta
2722 1865 3021 1929 ordinata

630 1966 716 2029 ad
758 1965 1036 2046 gratiam
1079 1967 1539 2048 acquirendam
1580 1978 1644 2032 et
1688 1967 2125 2043 obtinendam,
2170 1979 2244 2032 ut
2285 1967 2645 2050 baptismus
2692 1978 2756 2032 et
2799 1968 3021 2049 poeni-

626 2067 869 2144 tentia,·
908 2070 1239 2150 ‘quaedam
1292 2070 1592 2135 ordinata
1645 2081 1798 2135 sunt
1848 2071 1933 2135 ad
1985 2071 2265 2153 gratiam
2317 2073 2829 2153 promovendam
2885 2069 3022 2135 sive

625 2175 1195 2258 augmentandam,
1240 2185 1313 2238 ut
1357 2173 1765 2238 confirmatio
1809 2184 1875 2238 et
1919 2173 2326 2238 eucharistia.
2416 2173 2581 2239 Dico
2624 2194 2801 2255 erg0,
2847 2175 3022 2255 quod

627 2278 797 2342 sicut
856 2263 1260 2342 sacramenta
1316 2277 1800 2358 augmentantia
1857 2277 2134 2358 gratiam
2191 2297 2322 2341 non
2378 2277 2617 2341 habent
2675 2277 3021 2341 efficaciam

626 2380 757 2444 nisi
822 2379 890 2443 in
953 2379 1336 2444 habentibus
1400 2379 1772 2455 caritatem;
1837 2379 1930 2444 sic
1997 2380 2417 2445 Sacramenta
2481 2379 2758 2462 gratiam
2824 2380 3024 2462 impe-

629 2482 875 2546 trantia
914 2503 1047 2546 non
1088 2482 1327 2548 habent
1367 2482 1714 2547 efficaciam
1756 2482 1883 2547 nisi
1926 2483 1996 2545 in
2036 2483 2129 2547 eis
2171 2483 2281 2564 qui
2325 2503 2395 2547 se
2437 2482 2912 2566 disponunt”⁰²,
2957 2483 3022 2545 id

634 2594 753 2660 est,
804 2605 925 2666 pro
978 2585 1397 2649 sacramentis
1449 2585 1751 2649 vivorum
1806 2584 2158 2667 requiritur
2211 2585 2420 2666 gratia
2473 2595 2541 2649 et
2591 2585 2848 2660 caritaS,
2903 2605 3025 2666 pro

630 2687 1054 2751 sacramentis
1121 2696 1531 2751 mortuorum
1600 2687 1951 2768 requiritur
2019 2696 2093 2751 ut
2161 2687 2358 2751 homo
2431 2706 2500 2751 se
2569 2686 2871 2769 disponat
2940 2685 3024 2749 ad

624 2789 909 2869 gratiam
942 2799 1006 2853 et
1036 2789 1391 2854 caritatem.
1464 2790 1756 2872 'Ideoque
1789 2810 1955 2871 quae
1992 2789 2057 2856 S.
2095 2790 2210 2854 Dr.
2248 2789 2403 2854 dicit
2438 2790 2519 2854 de
2555 2789 2730 2854 Sma.
2768 2789 3023 2853 Eucha-

637 2891 820 2956 ristia
867 2902 931 2955 et
980 2892 1375 2974 poenitentia
1426 2892 1773 2956 referenda
1824 2903 1975 2957 sunt
2023 2893 2107 2956 ad
2157 2893 2604 2956 necessitatem
2656 2891 3025 2974 dispositio—

629 2993 755 3068 nis,
791 3014 923 3058 non
958 3004 1175 3058 autem
1212 2995 1296 3059 ad
1330 2996 1707 3077 qualitatem
1741 3006 1857 3060 aut
1891 2996 2319 3076 quantitatem
2357 2984 2818 3078 dispositionis.

722 3101 1029 3166 Scholion
1078 3102 1364 3184 1.—(A)
1421 3102 1783 3168 Occasione
1829 3104 2286 3186 disputationis
2332 3105 2412 3168 de
2457 3104 2845 3187 poenitentis
2895 3105 3025 3170 dis-

630 3204 1062 3286 positionibus
1107 3216 1337 3270 exorta
1383 3217 1481 3271 est
1526 3207 1635 3270 illa
1681 3207 1917 3271 divisio
1962 3207 2131 3271 inter
2179 3206 2612 3271 Scholasticos
2660 3207 2741 3272 de
2788 3208 3025 3271 contri-

632 3305 917 3373 tionistis
953 3318 1018 3372 et
1050 3307 1509 3374 attritionistis.
1591 3309 1685 3372 Hi
1724 3309 2236 3374 contritionistae
2275 3320 2339 3374 et
2377 3296 2834 3374 attritionistae
2873 3330 3026 3374 con-

640 3407 957 3473 fundendi
1005 3430 1138 3475 non
1183 3422 1335 3476 sunt
1380 3433 1529 3476 cum
1574 3412 2069 3477 contritionistis
2115 3423 2181 3477 et
2226 3413 2662 3478 attritionistis
2709 3413 3026 3494 posterio-

630 3511 816 3576 ribus
863 3512 1154 3578 Concilio
1198 3514 1603 3579 Tridentino.
1697 3514 2079 3580 Scholastici
2123 3515 2637 3580 contritionistae
2681 3515 3028 3597 exigebant

637 3614 972 3678 caritatem
1018 3616 1240 3681 stricte
1289 3617 1548 3692 dictam,
1600 3639 1715 3682 seu
1765 3618 2218 3682 contritionem
2268 3619 2631 3700 perfectam
2680 3619 2764 3682 ad
2815 3638 3027 3683 sacra-

633 3726 927 3782 mentum
973 3719 1406 3799 poenitentiae
1453 3720 1930 3803 recipiendum;
1975 3721 2433 3785 attritionistae
2478 3742 2656 3786 vero·
2684 3721 3029 3803 exigebant

633 3823 1035 3888 attritionem
1106 3822 2002 3887 tantum.—·Contritionistae
2073 3833 2292 3887 autem
2361 3824 2755 3906 posteriores
2831 3823 3026 3888 Cone.

640 3927 1024 3991 Tridentino
1065 3927 1337 4007 exigunt
1376 3926 1443 3989 in
1486 3926 1817 3990 attritione
1861 3927 2206 4007 aliqualem
2245 3926 2691 4002 dilectionem,·
2731 3927 2888 3990 dum
2932 3936 3027 3990 at-

633 4028 1026 4093 tritionistae
1090 4028 1518 4112 (posteriores
1577 4028 1774 4093 Cone.
1832 4028 2253 4108 Tridentino)
2317 4038 2540 4093 tenent
2598 4029 2888 4093 sufficere
2943 4029 3029 4092 ad

634 4131 851 4195 valide
921 4131 1360 4213 recipiendum
1389 4186 1398 4194 .
1427 4130 1861 4212 poenitentiae
1931 4140 2406 4195 sacramentum
2475 4131 2874 4194 attritionem
2945 4151 3031 4193 ex

636 4241 817 4297 metu
864 4233 1113 4315 inferni
1155 4242 1553 4315 conceptam,
1600 4234 1739 4298 sine
1787 4234 1895 4297 illa
1941 4233 2201 4314 aliquali
2250 4233 2610 4298 dilectione.

725 4341 1062 4406 Sententia
1110 4330 1763 4407 contritionistarum'
1791 4340 2340 4406 Scholasticorum
2395 4340 2671 4423 amplius
2724 4340 3032 4405 sustineri

634 4443 861 4525 nequit
901 4454 1168 4525 propter
1207 4443 1424 4508 varias
1464 4444 1859 4525 posteriores
1899 4444 2022 4508 hac
2061 4444 2142 4507 de
2185 4465 2256 4507 re
2299 4443 2764 4507 declarationes
2809 4441 3029 4504 Eccle-

636 4545 792 4611 siae.
870 4546 1183 4610 Attamen
1220 4545 1598 4610 Scholastici
1639 4547 1729 4609 illi
1767 4546 2063 4611 damnari
2100 4555 2446 4628 nequeunt,
2485 4564 2634 4609 cum
2671 4543 3029 4608 decisiones

722 4714 777 4752 ¹³2
797 4713 1129 4780 Quaracchi,
1174 4714 1304 4770 ibid.
