3509 5267
876 534 977 595 De
1016 531 1314 596 Cluvium
1348 530 1702 595 Potestatis
1737 529 2108 594 Existentia
2141 529 2360 610 Atque
2397 529 2674 594 Natura.
2852 530 2975 594 103

583 718 827 781 exaltat
874 715 1115 780 Christi
1162 714 1496 779 Pontificis
1543 734 1865 777 summam
1908 712 2352 788 clamentiam;
2399 713 2503 776 “et
2550 734 2803 776 summa
2848 714 2975 777 cla-

584 819 824 884 mentia
879 818 1215 882 Pontificis
1272 816 1723 899 superexcedit
1780 816 1998 879 omnia
2052 825 2314 896 peccata
2370 816 2673 891 humana,
2734 815 2975 896 qualia-

586 943 857 1002 cumque
905 932 969 984 et
1018 930 1532 1001 quantacumque
1582 930 1644 983 et
1694 919 2221 999 quotiescumque
2276 919 2522 982 fuerint
2568 928 2974 1000 perpetrata:

583 1024 732 1088 hinc
778 1035 895 1100 est,
942 1025 1116 1105 quod
1161 1033 1499 1105 peccantes
1548 1023 1876 1103 suscipere
1921 1023 2006 1086 ad
2050 1023 2309 1086 veniam
2355 1033 2453 1086 est
2501 1022 2703 1103 ipsius
2752 1021 2976 1085 Ponti-

585 1128 723 1193 ficis
771 1127 1273 1201 clementissimi,
1322 1147 1453 1189 non
1502 1127 1698 1190 semel
1746 1146 1866 1189 nec
1913 1126 2031 1200 bis,
2084 1126 2197 1188 sed
2247 1125 2775 1206 quotiescumque
2825 1146 2976 1206 sup-

582 1231 833 1312 pliciter
867 1230 1355 1312 imploraverint
1389 1229 1796 1292 clementiam
1832 1228 1974 1291 Dei.
2055 1228 2142 1292 Et
2175 1229 2349 1310 quod
2383 1228 2722 1292 clementia
2757 1226 2976 1290 divina

583 1343 738 1397 tunc
780 1354 932 1396 vere
976 1343 1039 1396 et
1082 1332 1456 1414 suppliciter
1500 1332 1905 1414 imploratur,
1948 1331 2210 1413 quando
2255 1331 2600 1395 intervenit
2643 1331 2976 1412 poeniten-

583 1436 710 1500 tiae
746 1437 1134 1511 lamentum;
1170 1446 1235 1499 et
1266 1436 1351 1498 ad
1383 1435 1506 1499 hoc
1539 1445 1754 1517 potest
1788 1434 1984 1498 homo
2019 1445 2394 1499 convertere
2431 1454 2520 1508 se,
2558 1432 2842 1514 quandiu
2881 1441 2978 1498 est

585 1539 651 1601 in
693 1547 867 1602 statu
908 1539 1268 1621 praesentis
1307 1538 1498 1613 vitae,
1540 1538 1692 1620 quia
1731 1537 2046 1602 vertibilis
2088 1549 2187 1601 est
2230 1537 2297 1600 in
2338 1538 2579 1600 bonum
2624 1546 2686 1599 et
2729 1535 2796 1598 in
2840 1556 2988 1599 ma—

586 1643 755 1717 lum;
800 1642 951 1705 hinc
997 1651 1113 1716 est,
1161 1641 1335 1723 quod
1382 1650 1970 1722 quantumcumque
2017 1647 2080 1703 et
2127 1641 2661 1720 quandocumque
2709 1649 2773 1702 et
2819 1659 2976 1718 quo-

587 1745 979 1826 tiescumque
1046 1754 1345 1826 peccator
1408 1745 1792 1826 peccaverit,
1856 1753 1919 1807 et
1983 1743 2416 1825 poenitentiae
2467 1742 2976 1806 ‘Sacramentum

583 1858 796 1928 potest
832 1849 1067 1911 habere
1108 1847 1459 1928 refugium,
1494 1868 1611 1930 per
1646 1847 1823 1929 quod
1860 1846 1980 1911 sibi
2017 1846 2133 1910 fiat
2172 1846 2467 1910 remissio
2502 1844 2975 1928 peccatorum''.

588 1951 858 2014 Nullum
903 1971 1059 2032 ergo
1103 1950 1345 2032 excipit
1386 1961 1724 2031 peccatum
1772 1950 1837 2014 S.
1885 1951 2151 2026 Doctor,
2196 1950 2572 2031 nullumque
2617 1948 2976 2030 praesentis

584 2054 755 2118 vitae
794 2063 1213 2117 momentum.

667 2164 1021 2244 Anqelicus
1078 2165 1328 2227 Doctor
1384 2183 1515 2226 non
1572 2173 1828 2226 tantum
1884 2163 2116 2245 probat
2175 2162 2535 2226 doctrinam
2595 2161 2977 2226 catholicam

586 2267 665 2330 de
705 2267 1188 2331 universalitate
1228 2267 1528 2341 clavium,
1569 2267 1683 2330 sed
1723 2266 1919 2329 etiam
1958 2265 2414 2347 obligationem
2458 2265 2676 2328 omnia
2714 2274 2978 2346 peccata

584 2370 934 2433 confitendi
979 2370 1412 2451 pulcherrima
1457 2381 1521 2433 et
1564 2370 1738 2433 clara
1784 2369 2265 2451 comparatione
2310 2369 2660 2450 perlustrat
2707 2389 2791 2431 ex
2837 2378 2976 2431 arte

586 2472 835 2536 medica
901 2473 1259 2553 desumpta.
1370 2473 1487 2536 Ait
1552 2472 1745 2547 enim,
1812 2472 2073 2553 quando
2137 2472 2447 2552 expendit
2513 2471 2976 2552 quaestionem,

586 2575 870 2639 “Utrum
914 2585 1210 2657 oporteat
1252 2575 1731 2639 confessionem
1778 2596 1918 2638 esse
1964 2574 2357 2655 integram’':
2405 2574 2835 2655 “Respondeo
2881 2574 2977 2636 di-

585 2679 881 2755 cendum,
923 2679 1097 2760 quod
1140 2679 1207 2741 in
1250 2678 1568 2741 medicina
1610 2677 1932 2758 corporali
1978 2687 2253 2758 oportet,
2296 2677 2472 2758 quod
2514 2677 2802 2739 medicus
2845 2696 2977 2739 non

586 2801 789 2844 unum
859 2781 1069 2844 solum
1139 2781 1458 2854 morbum,
1528 2790 1753 2844 contra
1823 2800 2015 2862 quem
2086 2779 2472 2843 medicinam
2542 2780 2698 2842 dare
2768 2778 2977 2868 debet,

587 2893 952 2965 cognoscat,
997 2884 1111 2947 sed
1156 2884 1351 2947 etiam
1397 2883 1849 2947 universaliter
1896 2892 2098 2946 totam
2143 2883 2586 2946 habitudinem
2630 2882 2835 2962 ipsius
2880 2881 2978 2944 in-

586 2986 778 3066 firmi,
821 3008 898 3050 eo
938 2987 1113 3068 quod
1152 3007 1322 3050 unus
1364 2987 1628 3050 morbus
1670 3008 1754 3050 ex
1797 2986 2216 3066 adjunctione
2257 2987 2522 3049 alterius
2566 2995 2976 3066 aggravatur,

587 3099 651 3152 et
713 3089 1031 3153 medicina
1093 3110 1257 3171 quae
1319 3090 1431 3152 uni
1499 3089 1725 3152 morbo
1791 3099 2202 3170 competeret,
2268 3089 2452 3151 alteri
2519 3090 2978 3152 documentum

587 3201 944 3272 praestaret
963 3212 979 3266 ;
1017 3202 1081 3255 et
1118 3192 1412 3255 similiter
1449 3202 1545 3255 est
1586 3192 1652 3254 in
1690 3192 1989 3272 peccatiS,
2028 3191 2180 3272 quia
2220 3212 2422 3255 unum
2461 3201 2855 3272 aggravatur
2893 3212 2978 3254 ex

587 3294 1006 3375 adjunctione
1044 3295 1346 3369 alterius;
1386 3306 1450 3358 et
1489 3295 1647 3358 illud
1687 3295 1863 3376 quod
1903 3295 2014 3358 uni
2055 3304 2318 3375 peccato
2359 3305 2528 3358 esset
2567 3294 2977 3368 convenienS,

588 3397 771 3459 alteri
828 3397 1222 3460 incentivum
1274 3408 1652 3479 praestaret,
1705 3419 1856 3460 cum
1908 3398 2294 3479 quandoque
2348 3397 2580 3478 aliquis
2635 3397 2977 3460 contrariis

585 3499 864 3578 peccatis
905 3498 1189 3564 infectus
1231 3500 1332 3574 sit,
1374 3511 1445 3564 ut
1488 3500 1843 3581 Gregorius
1883 3501 1951 3563 in
1993 3500 2312 3564 Pastorali
2364 3500 2564 3581 (part.
2609 3504 2667 3575 3,
2709 3520 2846 3580 cap.
2893 3499 2966 3578 3)

588 3592 792 3665 docet.
870 3601 956 3665 Et
990 3602 1137 3666 ideo
1173 3603 1251 3666 de
1287 3603 1663 3666 necessitate
1700 3603 2134 3684 confessionis
2167 3613 2286 3678 est,
2320 3603 2494 3684 quod
2530 3603 2726 3666 homo
2763 3603 2979 3665 omnia

586 3714 848 3783 peccata
887 3704 1292 3779 confiteatur,
1333 3726 1498 3786 quae
1539 3705 1604 3767 in
1645 3706 1958 3768 memoria
1999 3706 2224 3768 habet:
2267 3707 2442 3786 quod
2485 3707 2538 3770 si
2581 3726 2713 3768 non
2760 3704 2976 3779 faciat,

589 3825 719 3868 non
762 3816 860 3870 est
903 3807 1255 3883 confessiO,
1302 3809 1416 3871 sed
1460 3808 1893 3883 confessionis
1940 3808 2383 3874 simulatio'’⁰⁶.

678 3917 737 3980 V
738 3939 836 3982 en.
874 3917 1112 3983 Scotus
1145 3920 1440 3982 eamdem
1472 3929 1648 3982 tenet
1682 3919 2042 3982 doctrinam
2079 3939 2155 3981 ac
2187 3918 2644 3999 praecedentes
2681 3917 2977 3980 doctores

589 4017 663 4093 in,
698 4019 843 4100 ejus
888 4021 1165 4103 scriptiS,
1211 4043 1296 4086 sc.
1344 4021 1708 4085 Oxoniensi
1753 4032 1818 4084 et
1865 4018 2237 4095 Parisiensi,
2287 4019 2464 4083 Sent.
2515 4019 2633 4094 IV,
2681 4019 2828 4082 dist.
2880 4021 2976 4094 1¹7,

589 4121 696 4184 ubi
734 4123 868 4202 agit
904 4124 984 4187 de
1021 4124 1453 4188 confessione.

676 4229 730 4292 C
732 4251 870 4296 onc.
919 4232 1356 4297 Lateranense
1403 4233 1525 4308 IV,
1575 4233 1659 4296 ad
1707 4233 1884 4314 quod
1932 4252 2156 4296 omnes
2209 4230 2587 4295 Scholastici
2637 4239 2977 4293 recurrunt

587 4333 847 4412 quando
882 4334 962 4397 de
993 4334 1407 4399 confessione
1442 4335 1795 4416 disputant,
1832 4335 2090 4399 statuit:
2171 4334 2285 4398 “Si
2319 4343 2466 4415 post
2504 4333 2977 4414 susceptionem

586 4432 890 4514 baptismi
944 4437 1212 4517 quisque
1266 4437 1484 4519 lapsus
1542 4438 1742 4501 fuerit
1795 4438 1861 4499 in
1914 4447 2269 4519 peccatum,
2322 4456 2438 4518 per
2491 4455 2712 4498 veram
2763 4443 2977 4516 potest

588 4545 844 4615 semper
892 4538 1356 4619 poenitentiam
1410 4539 1894 4622 recuperari”⁹⁷.
1994 4539 2230 4604 Nullus
2286 4538 2607 4619 excipitur
2658 4546 2976 4618 peccator,

669 4697 729 4737 ⁹⁶
747 4699 953 4767 Suppl„
989 4720 1039 4769 q.
1078 4704 1124 4769 9,
1162 4722 1211 4759 a.
1248 4705 1281 4758 2
1316 4705 1376 4758 in
1413 4723 1457 4760 c.
1590 4702 2026 4770 ⁹⁷Denz.-Ban.,
2062 4723 2114 4760 n.
2149 4705 2263 4760 430.
