3509 5267
521 528 604 590 10
821 527 921 589 De
960 526 1256 590 clavium
1291 526 1644 589 Potestatis
1680 526 2051 590 Existentia
2085 526 2303 607 Atque
2340 527 2619 593 Natura.

543 768 554 785 ,
607 710 737 774 Sed
785 709 958 773 forte
1002 710 1146 791 quis
1192 708 1394 773 dicet:
1441 709 1578 773 sine
1626 708 1888 773 Christo
1932 710 2091 774 nihil
2142 711 2358 775 facere
2401 733 2669 794 possum
2714 714 2909 777 etiam

519 813 586 876 in
640 813 868 877 ordine
921 812 1237 887 naturali;
1291 833 1448 894 ergo
1503 813 1698 876 etiam
1753 814 1839 877 ad
1893 834 2090 895 opera
2146 814 2467 879 naturalia
2521 818 2909 899 peragenda,

517 917 740 981 divina
771 918 979 998 gratia
1011 917 1288 998 indigeo.

602 1032 770 1097 Dist.
805 1041 1045 1095 antec.:
1082 1032 1218 1095 sine
1255 1031 1537 1106 Christe,
1571 1041 1903 1114 tamquam
1937 1043 2201 1098 auctore
2236 1044 2527 1111 naturae,
2562 1037 2653 1099 nil
2692 1035 2908 1101 facere

515 1146 722 1218 poteS,
760 1156 974 1211 cone.;
1011 1135 1260 1217 indiges
1296 1136 1470 1198 enim
1505 1156 1826 1201 concursu
1865 1136 2087 1202 divino
2124 1138 2209 1202 ad
2245 1139 2667 1219 operandum.
2753 1140 2907 1205 Sine

519 1239 800 1314 Christ0,
858 1248 1189 1320 tamquam
1245 1226 1510 1303 auctore
1567 1240 1834 1320 qratiae,
1896 1260 2011 1304 seu
2068 1240 2317 1305 ordinis
2376 1244 2906 1324 supernaturalis,

515 1363 658 1425 neg.
696 1343 923 1407 Gratia
955 1344 1128 1407 enim
1163 1344 1382 1407 stricte
1415 1344 1587 1407 dicta
1619 1355 1683 1407 et
1716 1346 2417 1426 concursus-naturalis
2451 1346 2743 1411 absolute
2777 1348 2908 1411 dis-

515 1446 919 1527 tinguuntur.
1013 1446 1186 1509 Nam
1234 1445 1445 1526 gratia
1490 1446 1756 1510 omnino
1804 1457 1867 1510 et
1916 1450 2322 1529 quocumque
2370 1450 2566 1513 modo
2614 1450 2905 1513 conside-

515 1560 716 1623 retur,
759 1550 1043 1630 gratuita
1086 1560 1220 1625 est;
1263 1570 1616 1613 concursus
1662 1561 1881 1614 autem
1924 1551 2239 1617 naturalis
2283 1562 2382 1616 est
2426 1553 2907 1633 quodammodo

511 1652 768 1717 debitus
810 1653 1016 1727 nobis,
1059 1653 1394 1734 supposita
1433 1654 1777 1718 creatione.

598 1773 816 1837 Insto:
906 1772 1276 1837 Concursus
1323 1774 1637 1837 naturalis
1683 1774 1903 1838 vocari
1951 1783 2164 1856 potest
2211 1776 2438 1857 gratia.

596 1893 800 1957 Dist..·
888 1893 1127 1957 Vocari
1172 1903 1385 1974 potest
1429 1894 1658 1975 gratia,
1706 1896 1837 1958 lato
1882 1914 2096 1969 sensu,
2143 1916 2358 1971 cone.;
2401 1896 2631 1977 gratia,
2680 1896 2904 1961 stricto

511 2016 728 2069 sensu,
769 2005 965 2077 prout
1007 1996 1086 2059 de
1129 2016 1205 2059 ea
1246 1997 1529 2077 theologi
1572 1996 1945 2077 loquuntur,
1991 2018 2133 2079 neg.
2222 1998 2467 2073 Gratia,
2512 2000 2646 2063 lato
2689 2020 2901 2074 sensu,

510 2099 730 2162 vocari
766 2109 978 2180 potest
1011 2099 1461 2181 quodcumque
1497 2101 1740 2164 donum
1780 2102 2073 2165 divinum
2110 2122 2223 2165 seu
2258 2124 2297 2165 a
2334 2103 2476 2166 Deo
2510 2102 2903 2183 procedens;

510 2202 722 2284 gratia
767 2212 984 2266 autem
1031 2204 1250 2267 stricte
1297 2204 1468 2267 dicta
1515 2214 1613 2268 est
1658 2205 1903 2268 donum
1952 2207 2440 2287 supernaturale
2488 2206 2901 2270 intellectuali

511 2315 845 2369 creaturae
875 2328 915 2370 a
947 2308 1088 2371 Deo
1118 2314 1494 2371 concessum
1528 2308 1595 2370 in
1625 2309 1853 2371 ordine
1884 2309 1968 2372 ad
2000 2309 2203 2372 vitam
2234 2318 2582 2373 aeternam.
2660 2309 2747 2373 Et
2779 2310 2902 2373 hoc

513 2411 756 2474 donum
797 2430 928 2473 non
969 2412 1161 2474 datur
1199 2411 1285 2475 ad
1325 2421 1508 2475 actus
1549 2433 1724 2476 mere
1766 2413 2093 2476 naturales
2134 2413 2492 2494 ponendos,
2532 2424 2605 2476 ut
2646 2412 2901 2476 abunde

508 2514 791 2595 theologi
833 2514 1128 2595 probant.

975 2677 1032 2737 3.
1119 2674 1377 2737 Motiva
1420 2675 1940 2754 supernaturalia
1982 2675 2433 2755 poenitentiae.

592 2795 742 2875 Jam
787 2815 958 2858 nunc
1003 2796 1326 2875 agendum
1375 2806 1490 2871 est,
1539 2796 1684 2859 licet
1731 2796 2031 2871 breviter,
2080 2796 2160 2859 de
2208 2796 2469 2860 motivis
2518 2804 2900 2877 supernatu-
2947 2788 2957 2794 ⁴

512 2898 752 2961 ralibus
797 2898 1248 2979 poenitentiae.

593 3008 668 3087 a)
734 3008 1028 3071 Primum
1081 3008 1372 3071 omnium
1425 3008 1842 3088 omniumque
1898 3008 2507 3073 excellentissimum
2564 3019 2662 3073 est
2716 3029 2899 3073 amor

510 3110 653 3185 Dei,
688 3110 941 3175 Summi
976 3111 1164 3185 Boni,
1196 3133 1280 3175 ex
1309 3122 1448 3175 toto
1479 3113 1673 3175 corde
1705 3124 1769 3176 et
1802 3132 1995 3193 super
2027 3112 2427 3192 omnia.—-b)
2469 3112 2769 3176 Alterum
2802 3122 2899 3175 est

507 3214 802 3295 perfecta
840 3215 1164 3290 contritio,
1204 3236 1368 3296 quae
1408 3216 1492 3278 ad
1533 3226 1748 3279 actum
1788 3216 2076 3280 caritatis
2115 3216 2296 3280 addit
2334 3216 2579 3298 peccati
2621 3217 2897 3279 detesta-

509 3319 771 3392 tionem,
819 3328 1137 3399 quatenus
1184 3320 1326 3383 Deo
1373 3320 1673 3401 oppositi,
1722 3330 1786 3383 et
1831 3319 2238 3400 propositum
2284 3340 2417 3382 non
2460 3320 2767 3401 peccandi
2818 3320 2898 3382 de

509 3430 742 3485 ceter0.
827 3422 882 3483 Ii
923 3422 1053 3486 duo
1091 3431 1274 3486 actus
1311 3422 1477 3486 -adeo
1516 3444 1819 3504 magnam
1859 3423 2096 3494 habent
2137 3422 2503 3497 efficaciam,
2546 3434 2619 3486 ut
2660 3421 2923 3503 justifi-‚

508 3534 654 3587 cent
725 3534 1148 3606 peccatorem,
1223 3526 1417 3589 etiarn
1491 3535 1838 3607 antequam
1917 3536 2391 3590 sacramentum
2465 3526 2897 3607 poenitentiae

508 3629 774 3710 recipiat
818 3629 885 3691 in
929 3651 1038 3705 re,·
1081 3629 1418 3693 includunt
1463 3639 1680 3693 tamen
1723 3638 1951 3693 votum
2002 3639 2476 3693 sacramentum
2528 3628 2897 3710 recipiendi,

505 3753 654 3795 cum
690 3732 1022 3796 includant
1057 3734 1456 3796 voluntatem
1496 3733 1776 3796 faciendi
1814 3734 1987 3814 quod
2026 3734 2204 3797 Deus
2240 3732 2552 3814 praecipit
2589 3743 2701 3796 aut
2736 3732 2893 3795 vult.

505 3835 662 3913 —c)
714 3834 866 3899 Alia
907 3836 1153 3901 motiva
1193 3837 1458 3918 praebet
1499 3837 1746 3901 attritio
1801 3835 1924 3916 (N.
1971 3836 2114 3915 B.),
2158 3857 2273 3899 seu
2315 3836 2619 3907 contritio
2661 3836 2895 3915 imper-

511 3939 703 4014 fecta,
746 3961 854 4016 sc.,
894 3940 1160 4022 praebet
1203 3940 1624 4022 turpitudinis
1668 3940 1911 4022 peccati
1956 3939 2557 4014 considerationem,
2602 3939 2895 4003 amissio-

506 4063 655 4107 nem
699 4052 999 4107 aeternae
1044 4044 1480 4118 beatitudinis,
1528 4044 1858 4125 gehennae
1903 4053 2095 4125 atque
2140 4064 2495 4125 poenarum
2542 4052 2785 4106 metum
2830 4050 2895 4103 et

504 4147 823 4211 timorem.
905 4147 1285 4212 Notandum
1321 4157 1538 4211 tamen
1575 4158 1670 4211 est
1706 4158 1839 4211 tres
1877 4147 2120 4228 species
2155 4140 2407 4210 timoris
2444 4166 2607 4220 esse,
2642 4164 2893 4225 nempe,

505 4250 806 4313 timorem
852 4249 1115 4331 filialem
1163 4238 1278 4315 seu
1324 4259 1594 4325 castum,
1643 4272 1772 4332 quo
1820 4251 2003 4314 timet
2052 4251 2249 4313 homo
2299 4250 2511 4312 Deum
2559 4247 2895 4312 offendere

505 4373 591 4415 ex
628 4374 850 4418 amore
890 4363 954 4416 et
994 4353 1390 4428 reverentia;
1429 4354 1729 4417 timorem
1773 4353 2149 4433 simpliciter
2188 4350 2508 4435 servilem,
2550 4348 2663 4415 seu
2704 4351 2893 4438 timo-

506 4476 643 4518 rem
700 4457 1000 4521 servilem
1059 4458 1197 4520 sine
1255 4458 1388 4520 ullo
1447 4457 1690 4531 addito,
1751 4477 1880 4536 quo
1939 4457 2135 4519 homo
2194 4456 2472 4519 abstinet
2532 4475 2573 4517 a
2629 4462 2893 4535 peccato

503 4569 770 4642 propter
816 4580 1059 4641 poenas
1108 4581 1268 4641 quas
1320 4561 1640 4624 Dominus
1691 4560 1993 4633 minatur,
2045 4559 2158 4622 sed
2208 4558 2399 4621 simul
2448 4556 2760 4621 affectum
2810 4555 2892 4618 ad

502 4673 838 4745 peccatum
881 4664 1145 4745 deponit
1186 4665 1419 4739 homo;
1460 4664 1760 4727 timorem
1802 4662 2122 4727 serviliter
2162 4661 2484 4736 servilem,
2526 4660 2895 4741 quohomo
