3509 5267
578 518 664 581 80
882 517 983 580 De
1010 514 1076 579 ‘C
1076 513 1318 578 lovium
1352 511 1708 577 Potestatis
1742 511 2114 576 Existentia
2146 512 2366 593 Atque
2400 512 2471 575 N
2473 520 2680 576 atum.

579 700 841 783 quando
880 697 1057 774 vult:
1096 697 1392 762 homines
1430 705 1650 760 autem
1692 715 1825 760 non
1865 714 1950 758 ex
1991 715 2082 769 se,
2125 693 2240 759 sed
2281 715 2368 759 ex
2406 695 2628 776 qratia
2660 693 2726 758 in
2770 695 2863 760 eis
2906 704 2972 758 et

578 822 697 885 per
733 822 846 867 eos
882 808 1211 883 operante,
1249 808 1513 882 peccata
1550 795 2356 878 dimittunt”.--Ma9ister
2394 797 2468 860 H
2469 798 2725 874 alensis,
2767 797 2852 863 Ο.
2897 797 2970 862 F.

582 905 700 980 M„
748 903 1043 969 similiter
1090 899 1437 986 respondet
1484 899 1571 966 ad
1618 900 1824 975 hanes
1852 919 2049 983 quam
2097 900 2220 965 sibi
2273 899 2453 975 facit,
2501 901 2970 982 objectionem:

578 1017 865 1090 potestas
908 1005 1151 1088 ligandi
1195 1003 1441 1071 “solius
1482 1002 1607 1067 Dei
1650 1013 1771 1078 est,
1815 1002 2161 1067 dicendum
2205 1003 2382 1085 quod
2424 1003 2548 1068 hoc
2593 1003 2972 1084 intelligitur

577 1130 721 1175 esse
764 1108 965 1175 solius
1008 1109 1131 1172 Dei
1174 1107 1559 1174 auctoritate
1604 1106 1741 1171 sive
1782 1126 1823 1171 a
1867 1125 1972 1181 se:
2014 1105 2452 1188 praelatorum
2500 1105 2826 1171 Ecclesiae
2872 1115 2971 1170 est

578 1211 940 1277 ministerio
970 1211 1125 1276 dato
1152 1232 1193 1276 a
1226 1211 1390 1285 Deo,
1419 1230 1552 1274 non
1582 1229 1623 1274 a
1657 1208 1844 1274 se”⁴‘¹.
1923 1207 2134 1273 Simili
2165 1208 2364 1274 modo
2397 1209 2789 1292 respondent
2821 1208 2972 1274 sub-

580 1325 919 1398 sequentes
953 1313 1259 1396 theologi.

1006 1483 1043 1563 §
1090 1487 1147 1548 2.
1238 1483 1481 1564 Opinio
1528 1482 1843 1547 Richards·
1885 1481 2212 1566 ahSancto
2265 1481 2544 1546 Victore.

664 1612 735 1678 Si
785 1611 931 1694 quis
980 1610 1151 1692 legat
1199 1608 1513 1673 Richardi
1558 1629 1603 1672 a
1647 1608 1719 1674 S.
1779 1608 2040 1673 Victore
2093 1608 2499 1691 opusculum,
2551 1609 2654 1674 cui
2705 1608 2968 1672 titulus:

577 1715 966 1779 “Tractatus
1000 1714 1086 1778 de
1116 1722 1435 1795 potestate
1471 1712 1713 1794 ligandi
1750 1722 1815 1777 et
1851 1710 2263 1787 solvendi”⁴⁸,
2301 1712 2385 1776 ad
2422 1712 2609 1788 hanc,
2647 1713 2712 1775 ni
2754 1711 2970 1787 fallor,

575 1817 791 1882 veniet
852 1815 1365 1881 conclusionem:
1431 1814 1625 1897 juxta
1690 1814 2112 1889 Richardum,
2178 1815 2481 1880 sacerdos
2548 1835 2772 1880 revera
2837 1835 2970 1878 non

575 1918 844 1985 dimittit
895 1927 1159 2002 peccata
1213 1918 1375 2000 ipsa,
1430 1918 1546 1983 sed
1598 1918 2052 1983 tantummodo
2107 1927 2386 1999 poenam
2439 1919 2706 2001 peccati.
2785 1918 2970 1982 Haec

576 2021 906 2088 conclusio
951 2021 1248 2085 firmatur
1294 2021 1676 2103 praesertim
1720 2021 1931 2103 capite
1977 2021 2112 2085 VII
2158 2032 2224 2085 et
2267 2021 2477 2103 capite
2523 2021 2589 2084 X
2632 2021 2967 2104 praecitati

578 2125 893 2207 opusculi,
939 2124 1050 2188 ubi
1099 2123 1460 2205 colligendo
1507 2124 1699 2188 dicit:
1794 2123 2108 2190 “Constat
2159 2124 2395 2206 itaque,
2445 2125 2621 2206 quod
2672 2124 2970 2206 superius

579 2227 886 2302 diximus,
930 2226 1090 2291 illud
1132 2226 1461 2291 vinculum
1506 2227 1682 2308 quod
1725 2237 1824 2292 est
1867 2228 1954 2292 ad
1996 2227 2455 2308 obligationem
2503 2229 2746 2309 culpae,
2791 2229 2972 2293 solus

578 2327 902 2394 Dominus
957 2330 1131 2394 valet
1186 2340 1251 2395 et
1311 2331 1474 2394 solet
1531 2350 1650 2411 per
1708 2329 2127 2412 semetipsum
2187 2331 2474 2405 solvere;
2534 2331 2694 2395 illud
2752 2340 2969 2394 autem

579 2433 755 2514 quod
792 2443 891 2496 est
927 2433 1013 2496 ad
1051 2431 1507 2514 obligationem
1546 2443 1813 2512 poenae,
1853 2442 1994 2496 tum
2034 2453 2153 2514 per
2193 2432 2631 2514 semetipsum,
2673 2441 2812 2497 tum
2853 2453 2970 2515 per

578 2534 947 2599 ministrum
988 2555 1178 2598 suum
1220 2535 1383 2599 solet
1422 2533 1853 2617 dirumpere”.

664 2653 749 2718 N.
783 2654 857 2717 B.
933 2652 1181 2716 Mirum
1210 2654 1400 2719 valde
1429 2664 1548 2729 est,
1576 2655 1752 2735 quod
1783 2654 2148 2720 Richardus
2178 2655 2492 2719 defendat
2524 2655 2968 2720 remissionem

577 2775 825 2837 poenae
869 2765 1144 2830 tantum,
1187 2766 1380 2838 atque
1424 2777 1558 2821 non
1603 2757 1797 2822 etiam
1843 2757 2108 2840 peccati.
2200 2758 2288 2822 Et
2333 2758 2572 2823 mirum
2616 2759 2806 2823 valde
2850 2768 2969 2833 est,

577 2858 731 2940 quia
774 2858 1139 2923 Richardus
1183 2858 1419 2923 invicte
1463 2859 1778 2925 refutavit
1821 2860 2206 2924 sententiam
2250 2863 2331 2926 de
2377 2859 2808 2926 declaratione
2854 2881 2970 2925 seu

581 2961 947 3025 ostensione
1007 2961 1191 3042 (vide
1244 2962 1281 3040 ξ
1334 2961 1495 3043 sq.),
1546 2982 1745 3027 aurea
1796 2963 2056 3045 exegesi
2110 2963 2287 3028 facta
2337 2963 2404 3027 in
2453 2965 2654 3028 verba
2703 2964 2969 3028 Domini

578 3063 811 3145 quibus
842 3073 1233 3145 potestatem
1260 3065 1595 3129 concessit.
1674 3066 1947 3130 Utinam
1981 3067 2394 3131 sustinnisset
2429 3066 2756 3149 exegesim
2794 3068 2970 3130 illam

579 3165 645 3228 in
679 3175 817 3230 toto
851 3166 1165 3230 tractatu!
1724 3180 1728 3182 ’

666 3279 1161 3345 Crisis.—-Haec
1210 3279 1451 3362 opini0,
1503 3280 1682 3344 salva
1735 3279 2096 3343 reverentia
2146 3289 2330 3343 tanto
2379 3279 2683 3361 theologo
2733 3278 2969 3354 debita,

581 3382 935 3464 rejicienda
988 3392 1122 3459 est;
1177 3393 1401 3466 utpote
1456 3383 1610 3464 quia
1662 3402 1798 3446 non
1852 3382 2043 3463 plane
2099 3381 2379 3463 explicat
2436 3380 2701 3445 Domini
2762 3381 2968 3445 nostri

577 3485 736 3565 Jesu
786 3483 1029 3549 Christi
1076 3485 1307 3550 verba:
1400 3485 1744 3566 “Quorum
1795 3484 2172 3549 remiseritis
2218 3495 2502 3567 peccata,
2553 3484 2971 3548 remittuntur

578 3586 671 3650 eis
718 3636 732 3651 .
781 3637 796 3652 .
843 3586 901 3652 .”
987 3587 1308 3652 Dominus
1352 3588 1523 3652 enim
1566 3599 1804 3652 noster·
1830 3587 2116 3669 loquitur
2160 3587 2240 3651 de
2285 3587 2662 3651 remissione
2702 3587 2969 3669 peccati,

578 3699 650 3753 ut
689 3700 867 3771 patet
908 3710 991 3753 ex
1030 3700 1265 3754 textu..
1322 3691 1500 3773 Ergo
1539 3691 1688 3772 jure
1730 3691 1994 3755 Domini
2035 3690 2233 3755 verba
2273 3691 2358 3754 ad
2397 3701 2678 3771 poenam
2719 3698 2970 3753 tantum

580 3792 880 3873 restringi
914 3813 1045 3856 non
1074 3803 1367 3875 possunt.
1446 3793 1731 3875 Ideoque
1763 3792 2116 3874 rejicienda
2149 3791 2407 3856 videtur
2440 3793 2599 3856 haec
2633 3790 2968 3856 sententia.

666 3900 737 3964 Si
782 3900 1129 3982 objiciatur
1170 3903 1384 3965 solum
1429 3902 1643 3964 Deum
1687 3912 1950 3983 peccata
1995 3901 2319 3965 dimittere
2364 3921 2575 3983 posse,
2622 3901 2970 3983 responde-

576 4013 705 4078 tu-r,
742 4003 907 4068 sicut
942 4003 1124 4085 prius
1162 4003 1229 4067 in
1264 4003 1574 4068 anteriori
1616 4005 1675 4082 ἕ,
1712 4025 1821 4080 sc„
1859 4005 2039 4068 Deus
2078 4003 2402 4068 dimittere
2440 4014 2654 4085 potest
2690 4002 2970 4067 auctori-

576 4115 710 4170 tate
748 4106 1033 4187 propria,
1073 4106 1368 4171 homines
1407 4117 1625 4170 autem
1665 4106 2050 4170 auctoritate
2089 4126 2129 4170 a
2171 4106 2313 4169 Deo
2355 4105 2844 4169 communicata.
2950 4168 2955 4173 .

665 4225 750 4288 N.
805 4225 879 4287 B.
976 4224 1254 4307 Propter
1303 4224 1597 4289 eamdem
1649 4224 2166 4289 insufficientiam
2218 4245 2350 4288 non
2399 4225 2609 4306 placet
2660 4241 2968 4305 quorum-

578 4326 730 4390 dam
788 4326 1335 4391 Scholasticorum
1390 4327 1499 4392 illa
1554 4326 1738 4409 quasi
1796 4327 2115 4402 limitatio,
2169 4327 2362 4409 juxta
2417 4347 2632 4408 quam,
2688 4325 2968 4390 clavium

574 4438 863 4510 potestas
900 4429 1762 4510 nonnisi-“quodammodo'’
1799 4430 2058 4510 attingit
2095 4432 2181 4495 ad
2219 4429 2664 4493 remissionem
2702 4427 2966 4509 peccati.

660 4597 717 4636 4⁷
739 4598 972 4654 Summa
1002 4599 1361 4664 Theologiae,
1393 4610 1533 4665 part.
1569 4600 1669 4664 IV,
1700 4618 1750 4664 q.
1785 4601 1866 4664 20,
1900 4601 2153 4655 membro
2186 4601 2233 4666 6,
2268 4609 2370 4655 art.
2404 4601 2451 4665 3,
2489 4597 2520 4666 ἓ
2560 4601 2603 4654 1.

660 4671 718 4709 48
738 4674 817 4726 M.
855 4674 918 4728 P.
954 4675 1033 4738 L„
1071 4674 1181 4737 196,
1219 4675 1523 4728 1159-11‘08.
2257 4716 2269 4721 ,.
