3509 5267
591 552 676 615 32
895 553 996 615 De
1033 551 1090 615 C
1089 550 1331 614 lovium
1365 549 1718 615 Potestatis
1753 549 2123 615 Existentia
2157 550 2375 631 Atque
2412 551 2484 614 N
2486 561 2692 617 atum.

592 735 721 799 tiae
771 734 1035 810 Christi,
1085 723 1188 800 vel
1238 735 1376 800 sola
1425 745 1839 817 peccatorum
1892 735 2289 811 remissione,
2342 737 2607 801 exclusa
2656 738 2867 819 gratia
2918 748 2983 802 et

590 839 879 913 caritate,
921 859 1088 921 quae
1128 838 1197 901 in
1237 839 1543 904 cordibus
1583 860 1813 904 eorum
1854 860 1972 921 per
2016 838 2334 923 Spiritum
2381 839 2694 906 Sanctum
2738 840 2982 906 diffun-

593 942 790 1017 ditur,
835 952 1028 1024 atque
1074 942 1200 1007 illis
1247 992 1261 1007 .
1309 993 1322 1007 .
1372 993 1386 1008 .
1434 993 1449 1008 .
1493 943 1576 1008 A.
1627 942 1815 1008 8:⁹⁰⁴.
1907 935 1986 1007 In
2030 944 2355 1026 praesenti
2404 964 2561 1026 ergo
2606 945 2983 1010 oeconomia

591 1045 839 1119 salutis,
881 1044 1100 1117 statim
1139 1065 1217 1109 ac
1259 1045 1609 1109 remittitur
1646 1043 2002 1128 peccatum,
2046 1046 2420 1111 infunditur
2460 1047 2688 1129 gratia.

673 1166 746 1247 c)
797 1165 1203 1230 Poenitentia
1241 1176 1340 1231 est
1381 1187 1422 1231 a
1462 1166 1723 1231 Christo
1764 1176 2219 1249 permanenter
2256 1168 2572 1233 instituta.
2658 1168 2980 1233 Dominus

591 1280 812 1335 noster
847 1270 1039 1352 Jesus
1079 1269 1400 1345 Christus,
1441 1281 1514 1335 ut
1553 1271 1741 1335 docet
1783 1270 1981 1336 Conc.
2023 1270 2227 1346 Trid.,
2270 1272 2788 1337 “sacramentum
2827 1293 2979 1355 poe-

587 1375 898 1438 nitentiae
946 1384 1102 1439 tunc
1150 1373 1496 1457 praecipue
1545 1374 1845 1449 instituit,
1895 1395 2055 1439 cumv
2094 1396 2134 1439 a
2185 1375 2459 1440 mortuis
2509 1376 2831 1441 excitatus
2883 1376 2979 1438 in-

589 1477 869 1542 sufflavit
900 1478 967 1542 in
1000 1477 1352 1561 discipulos
1385 1499 1558 1554 suos,
1591 1478 1846 1543 dicens:
1922 1478 2238 1561 ‘Accipite
2278 1478 2594 1561 Spiritum
2633 1479 2979 1555 Sanctum;

587 1603 866 1665 quorum
926 1581 1302 1647 remiseritis
1358 1592 1639 1665 peccata,
1701 1582 2120 1647 remittuntur
2176 1582 2307 1657 eis;
2366 1593 2432 1647 et
2489 1603 2767 1664 quorum
2828 1582 2978 1645 reti-

588 1686 879 1762 nueritis,
929 1696 1178 1751 retenta
1227 1686 1399 1751 sunt’
1457 1686 1680 1768 (Joan.
1731 1690 1834 1761 20,
1884 1686 2030 1767 22).
2124 1686 2279 1769 Quo
2326 1697 2461 1751 tam
2509 1687 2744 1768 insigni
2802 1687 2977 1751 facto

587 1800 651 1853 et
690 1789 905 1854 verbis
945 1800 1082 1853 tam
1120 1790 1478 1873 perspicuis
1519 1800 1907 1872 potestatem
1950 1790 2317 1854 remittendi
2362 1801 2425 1855 et
2471 1791 2787 1855 retinendi
2830 1810 2977 1873 pec-

567 1904 749 1976 ·cata,
793 1894 878 1957 ad
921 1893 1428 1959 reconciliandos
1469 1893 1692 1959 fideles
1733 1904 1893 1977 post·
1925 1894 2318 1976 baptismum
2361 1894 2597 1977 lapsoS,
2640 1894 2976 1977 Apostolis

586 2007 650 2060 et
733 2018 959 2062 eorum
1044 1998 1521 2063 successoribus
1610 1982 1816 2062 fuisse
1898 1998 2438 2073 commendatam,
2522 1997 2975 2063 universorum

589 2101 859 2165 Patrum
912 2121 1266 2166 consensus
1321 2121 1576 2184 semper
1628 2101 1966 2176 intellexit,
2020 2112 2085 2167 et
2144 2102 2550 2167 Novatianos
2608 2101 2974 2165 remittendi

584 2214 970 2286 potestatem
1023 2205 1180 2269 olim
1233 2206 1648 2287 pertinaciter
1702 2216 2032 2288 negantes,
2087 2225 2323 2287 magna
2380 2206 2629 2270 ratione
2686 2204 2974 2269 Ecclesia

587 2308 920 2373 Catholica
951 2319 1281 2391 tamquam
1313 2309 1671 2374 haereticos
1702 2309 1994 2392 explosit·
2016 2319 2210 2392 atque
2242 2309 2716 2374 condemnavit.
2750 2308 2974 2391 Quare

583 2413 993 2477 verissimum
1034 2414 1207 2477 hunc
1246 2413 1505 2477 illorum
1547 2413 1894 2478 verborum
1937 2412 2203 2477 Domini
2245 2432 2507 2479 sensum
2551 2424 2772 2477 sancta
2817 2412 2974 2477 haec

585 2517 890 2599 Synodus
920 2517 1203 2599 probans
1237 2527 1301 2581 et
1337 2517 1671 2599 recipiens,
1706 2517 1973 2581 damnat
2006 2537 2233 2581 eorum
2266 2516 2739 2581 commentitias
2777 2516 2973 2579 inter·
3040 2546 3045 2551 ·

579 2620 996 2701 pretationes,
1029 2620 1138 2703 qui
1169 2621 1367 2686 verba
1401 2622 1508 2685 illa
1538 2621 1624 2685 ad
1654 2631 2042 2703 potestatem
2072 2620 2489 2703 praedicandi
2522 2618 2793 2683 verbum
2828 2618 2972 2691 Dei,

578 2735 647 2789 et
683 2724 924 2789 Christi
961 2726 1389 2806 Evangelium
1422 2723 1871 2799 annuntiandi,
1907 2734 2135 2789 contra
2170 2723 2548 2805 hujusmodi
2585 2720 2972 2788 sacramenti

581 2829 1052 2893 institutionem
1090 2829 1259 2894 falso
1293 2827 1720 2910 detorquent-’³
1765 2826 1977 2909 (Sess.
2017 2832 2114 2903 14,
2150 2827 2308 2911 Cap.
2346 2828 2622 2909 1)'.—Et
2656 2826 2725 2890 in
2755 2845 2896 2891 can.
2935 2827 2969 2887 1

577 2933 878 3013 ejusdem
922 2953 1076 2999 sess,
1121 2934 1378 2997 statuit:
1463 2931 1574 2997 “S.
1617 2954 1678 3015 q.
1722 2932 1785 2997 d.
1830 2931 1897 2995 in
1936 2931 2251 2997 catholica
2294 2931 2584 3009 Ecclesia
2627 2930 2971 2995 Poeniten-

581 3038 738 3102 tiam
775 3058 905 3101 non
939 3058 1080 3101 esse
1115 3057 1266 3100 vere
1301 3046 1365 3100 et
1399 3037 1658 3118 proprie
1694 3045 2169 3101 sacramentum
2206 3055 2327 3116 pro
2363 3034 2681 3109 fidelibus,
2718 3033 2970 3116 quoties

577 3151 728 3222 post
773 3141 1165 3222 baptismum
1214 3140 1280 3203 in
1326 3150 1588 3222 peccata
1636 3140 1959 3213 labuntur,
2008 3139 2130 3220 ipsi
2182 3140 2325 3203 Deo
2375 3136 2883 3211 reconciliandis,
2931 3156 2970 3199 a

579 3248 844 3312 Christo
877 3248 1163 3311 Domino
1193 3258 1418 3311 nostro
1451 3246 1839 3320 institutum,
1871 3246 1969 3310 Α.Δ
1992 3244 2295 3310 S.'’.—Et
2328 3244 2396 3308 in
2426 3264 2566 3308 can.
2602 3248 2638 3306 3
2672 3242 2970 3325 ejusdem

578 3376 772 3419 sess:
849 3354 958 3418 “S.
990 3376 1051 3437 q.
1084 3354 1166 3429 d.,
1199 3354 1396 3417 verba
1429 3354 1537 3416 illa
1571 3353 1834 3417 Domini
1870 3351 2249 3426 Salvatoris,
2323 3350 2618 3433 Accipite
2654 3349 2969 3433 Spiritum

582 3461 928 3525 Sanctum:
978 3481 1257 3543 quorum
1309 3460 1686 3523 remiseritis
1734 3470 2018 3541 peccata,
2071 3458 2525 3533 remittuntur:
2574 3467 2638 3520 et
2690 3456 2969 3519 retinue-

579 3570 742 3646 ritis,
788 3580 1037 3633 retenta
1079 3579 1250 3643 sunt,
1293 3590 1424 3633 non
1467 3590 1609 3633 esse
1653 3568 2068 3650 intelligenda
2111 3567 2193 3633 de
2235 3576 2555 3649 potestate
2601 3564 2969 3629 remittendi

579 3688 644 3741 et
693 3676 1010 3740 retinendi
1060 3685 1321 3758 peccata
1371 3676 1438 3738 in
1487 3681 1893 3739 sacramento
1944 3672 2409 3747 Poenitentiae,
2464 3672 2629 3737 sicut
2680 3669 2971 3736 Ecclesia

582 3784 915 3848 Catholica
965 3783 1047 3846 ab
1102 3782 1286 3847 initio
1338 3802 1593 3863 semper
1646 3779 2000 3857 intellexit;
2053 3780 2399 3844 detorserit
2452 3788 2689 3851 autem,
2744 3786 2971 3841 contra

581 3890 1051 3955 institutionem
1121 3888 1322 3969 hujus
1396 3886 1803 3961 sacramenti,
1875 3886 1960 3950 ad
2030 3886 2510 3950 auctoritatem*
2551 3882 2968 3966 praedicandi

580 3996 1028 4077 Evangelium,
1087 3996 1170 4059 A.
1234 3994 1793 4058 S.''.-Damnatis
1856 3992 2244 4057 Novatianis
2302 4000 2368 4055 et
2430 3988 2969 4061 ProtestantibuS,

578 4104 741 4167 Pius
774 4102 840 4165 X
876 4101 1208 4165 damnavit
1242 4102 1409 4165 hanc
1447 4099 2003 4165 Modernistarum
2038 4098 2435 4162 doctrinam:
2516 4096 2713 4160 “Non
2750 4094 2969 4159 adfuit

580 4210 647 4273 in
691 4208 1020 4292 primitiva
1065 4208 1354 4272 Ecclesia
1395 4216 1743 4289 conceptus
1788 4205 1869 4269 de
1912 4203 2265 4269 christiano
2307 4212 2646 4286 peccatore
2689 4200 2968 4266 auctori-

579 4326 712 4380 tate
757 4316 1084 4379 Ecclesiae
1130 4314 1559 4389 reconciliato,
1604 4312 1719 4376 sed
1766 4311 2055 4376 Ecclesia
2098 4310 2356 4374 nonnisi
2401 4308 2753 4373 admodum
2798 4308 2969 4370 lente

580 4419 958 4501 hujusmodi
1014 4417 1351 4499 conceptui
1411 4416 1714 4481 assuevit.
1822 4416 2032 4479 Immo
2087 4414 2284 4478 etiam
2342 4422 2686 4495 postquam
2744 4409 2967 4492 poeni-

578 4524 781 4587 tentia
815 4533 1148 4604 tamquam
1186 4520 1512 4586 Ecclesiae
1550 4511 1871 4584 institutio
1909 4518 2129 4600 agnita
2171 4517 2318 4591 fuit,
2356 4536 2487 4579 non
2524 4513 2969 4597 appellabatur

665 4728 872 4782 “Sess
921 4730 998 4793 14,
1046 4745 1164 4781 can.
1214 4728 1290 4779 11.
