3509 5267
524 528 645 590 140
1578 522 1840 590 Theses.

1642 704 1755 774 LI.

595 807 757 879 Can.
802 811 931 876 1-7.

1626 925 1776 995 L11.

596 1029 755 1100 Can.
792 1033 1007 1099 ⁹244.

1608 1147 1796 1214 LIII.

596 1249 755 1316 Can.
798 1253 940 1316 216.

1610 1368 1790 1438 LIV.

595 1469 755 1542 Can.
796 1475 1175 1540 1012-1016.
1640 1520 1645 1524 .
1815 1473 1822 1480 '

1630 1589 1774 1660 LV.

596 1691 755 1757 Can.
804 1695 1181 1757 1409-1413.

1612 1818 1791 1884 LVI.

596 1935 935 2002 Honorius
976 1935 1158 2021 Papa
1201 1937 1232 2001 Ι
1274 1935 1343 2002 in
1386 1937 1520 2002 suis
1562 1937 1646 2003 ad
1690 1935 1993 2023 Sergium
2032 1937 2322 2022 epistolis
2363 1937 2616 2003 duabus
2658 1936 2902 2001 nullam

511 2057 597 2102 ex
652 2039 961 2103 cathedra
1019 2039 1221 2103 edidit
1279 2038 1741 2115 definitionem,
1801 2059 2009 2124 neque
2069 2039 2273 2106 ullum
2332 2040 2554 2105 docuit
2613 2057 2902 2104 errorem

510 2151 738 2206 eontra
782 2140 997 2206 fidem.

1596 2295 1811 2358 LVII.

596 2408 849 2479 Urbani
888 2413 1105 2497 Papae
1144 2412 1243 2477 VI
1282 2414 1530 2489 electio,
1568 2433 1733 2496 quae
1773 2411 2192 2478 occidentale
2229 2412 2543 2495 praecesit
2585 2412 2902 2487 Schisma,

511 2516 660 2598 jure
701 2517 936 2580 merito
972 2515 1251 2582 tenenda
1291 2527 1391 2580 est
1429 2525 1761 2598 tamquam
1803 2515 2089 2597 legitima
2130 2526 2322 2597 atque
2363 2515 2692 2580 canoniea.

1577 2663 1829 2731 LVIII.

596 2787 705 2856 Ex
770 2785 1243 2870 christologicis
1310 2785 1770 2852 controversiis
1843 2784 2248 2850 saeculorum
2319 2785 2596 2852 decursu
2666 2784 2903 2852 habitis

513 2889 653 2953 luce
683 2889 922 2953 elarius
953 2898 1223 2970 apparet
1252 2887 1587 2956 Christum
1624 2888 1830 2952 fuisse
1861 2886 2147 2970 positum
2179 2885 2290 2953 “in
2323 2887 2582 2969 signum
2611 2887 2716 2953 cui
2748 2907 2902 2954 con-

410 3019 417 3024 ·
512 2990 907 3056 tradicetur”
960 2990 1109 3070 (Lc.
1157 2991 1245 3064 ΙΙ,
1289 2990 1435 3070 34).

1612 3108 1792 3173 LIX.

597 3227 915 3293 Vaticana
959 3227 1346 3292 documenta
1388 3227 1559 3292 circa
1603 3225 1985 3303 Galilaeum,
2027 3248 2087 3292 a.
2133 3230 2293 3292 1877
2340 3228 2532 3302 edita,
2577 3226 2750 3292 clare
2793 3226 2901 3289 de-

514 3341 879 3394 monstrant
929 3330 1396 3395 ecclesiasticae
1446 3331 1864 3395 auctoritates
1915 3330 1984 3393 in
2037 3329 2454 3394 damnatione
2505 3329 2706 3410 hujus
2757 3347 2902 3411 per-

513 3432 781 3497 illustris
823 3432 1104 3498 hominis
1144 3442 1355 3497 motas
1394 3452 1527 3497 non
1573 3429 1780 3500 fuisse
1822 3433 1976 3498 odio
2014 3441 2242 3497 contra
2280 3453 2505 3496 veram
2549 3431 2900 3496 scientiam.

1634 3585 1777 3651 LX.

598 3703 1039 3785 Exponuntur
1072 3722 1269 3767 verae
1302 3723 1381 3768 ac
1419 3703 1941 3768 fundamentales
1977 3723 2212 3772 causae
2252 3724 2416 3785 quae
2454 3723 2682 3770 ansam
2718 3722 2904 3786 prae-

514 3803 794 3869 buerunt
841 3804 1193 3901 hodiernae
1244 3804 1631 3871 revolutioni
1684 3805 2072 3872 Mexicanae
2121 3816 2315 3887 atque
2370 3805 2706 3885 religiosae
2757 3824 2904 3887 per-

513 3906 847 3972 secationi.

514 4131 701 4198 Vidit
742 4132 943 4199 Sacra
986 4133 1322 4198 Facultas:

596 4251 1023 4336 JOANNES
1062 4253 1145 4316 A.
1188 4253 1472 4328 RYAN‚
1512 4251 1579 4317 S.
1618 4253 1696 4318 T.
1737 4254 1819 4318 D.
1859 4273 1920 4336 p.
1960 4264 2007 4319 t.
2049 4253 2368 4317 DecanuS.

569 4370 961 4468 ‘PETRUS
1000 4371 1443 4447 GUILDAY,
1483 4372 1602 4435 Ph.
1643 4372 1723 4435 D.
1764 4392 1825 4455 p.
1862 4381 1908 4436 t.
1947 4393 1988 4436 a
2029 4369 2326 4436 SecretiS.

514 4523 701 4600 Vidit
738 4523 977 4592 Rector
1014 4522 1511 4591 Universitatis:

600 4640 1000 4710 THOMAS
1046 4642 1106 4725 J.
1159 4641 1579 4721 SHAHAN,
1629 4641 1697 4708 S.
1745 4642 1826 4710 T.
1878 4642 1960 4706 D.
2004 4651 2010 4656 ·
