3509 5267
478 536 520 601 6
781 536 883 599 De
921 535 1220 599 Cluvium
1255 534 1606 597 Potestat-is
1642 534 2013 597 Existentia
2046 534 2265 615 Atque
2302 536 2580 601 Natura.

484 720 839 803 nonaginta
895 718 1110 799 justis,
1167 717 1278 799 qui
1336 737 1468 780 non
1529 716 1820 798 indigent
1878 719 2275 799 poenitentia
2320 770 2335 783 .
2384 770 2398 784 .
2446 771 2459 784 .
2509 772 2524 785 .
2571 722 2671 786 Ita
2731 723 2879 787 dico

481 825 688 898 vobis,
727 822 1036 905 gaudium
1073 821 1197 885 erit
1234 841 1454 885 coram
1491 820 1738 902 angelis
1779 822 1901 885 Dei
1942 842 2138 904 super
2176 843 2309 888 uno
2346 835 2684 905 peccatore
2722 847 2875 908 poe-

483 928 822 991 nitentiam
852 924 1497 1008 agente’'¹“.—Igitur
1527 925 1925 1006 poenitentia
1958 946 2089 989 non
2122 928 2331 991 solum
2363 929 2571 993 virtus
2604 929 2877 994 dicenda

481 1042 602 1105 est,
649 1031 783 1104 sed,
825 1050 976 1094 cum
1024 1029 1283 1094 Catech.
1331 1030 1543 1105 Rom„
1592 1029 1902 1109 “prorsus
1949 1029 2172 1093 divina
2216 1040 2280 1094 et
2329 1033 2621 1097 caelestis
2665 1033 2879 1099 virtus

482 1134 918 1199 existimanda
969 1143 1087 1208 est,
1139 1133 1243 1197 cui
1302 1153 1410 1207 sc..
1465 1133 1766 1213 Regnum
1820 1134 2146 1197 caelorum
2204 1133 2442 1199 Sacrae
2502 1136 2877 1218 Scripturae

482 1239 902 1321 pollicentur3
937 1258 1088 1300 nam
1123 1236 1298 1319 apud
1337 1236 1405 1301 S.
1445 1237 1568 1300 Mt.
1606 1237 1920 1318 scriptum
1957 1246 2089 1300 est:
2138 1238 2647 1303 ·Poenitentiam
2684 1241 2877 1322 agite,

485 1338 1028 1425 appropinquavit
1078 1361 1349 1423 regnum
1399 1340 1763 1416 caelorum;
1810 1350 1874 1404 et
1922 1341 2098 1423 apud
2149 1340 2419 1406 Ezech.:
2516 1342 2586 1407 Si
2639 1344 2877 1425 impius

484 1447 688 1529 egerit
727 1446 1189 1528 poenitentiam
1229 1445 1312 1508 ab
1353 1444 1653 1508 omnibus
1696 1445 1977 1525 peccatis
2020 1444 2155 1509 suis
2196 1465 2364 1527 quae
2406 1458 2713 1528 operatus
2755 1460 2875 1523 est,

483 1562 548 1615 et
590 1550 968 1615 custodierit
1012 1548 1231 1613 omnia
1273 1558 1617 1630 praecepta
1661 1568 1827 1623 mea,
1872 1558 1937 1612 et
1986 1547 2218 1613 facerit
2262 1549 2581 1631 judicium
2625 1563 2690 1615 et
2736 1551 2874 1633 jus-

481 1655 712 1729 titiam,
739 1654 1117 1728 vita'vivet3
1145 1653 1367 1716 etalio
1399 1653 1574 1716 loco:
1652 1652 1827 1717 Nolo
1856 1661 2133 1716 mortem
2166 1652 2368 1734 impii,
2402 1654 2516 1717 sed
2547 1666 2620 1718 ut
2650 1675 2872 1719 cover-

481 1769 657 1822 tatur
697 1758 932 1838 impius
971 1778 1010 1821 a
1046 1757 1154 1821 via
1193 1777 1332 1830 sua,
1369 1767 1433 1820 et
1469 1756 1667 1820 vivat.
1748 1755 1949 1837 Quod
1990 1756 2071 1820 de
2107 1767 2372 1821 aeterna
2410 1767 2473 1821 et
2512 1758 2699 1822 beata
2738 1760 2874 1823 vita

484 1860 970 1942 intelligendum
1015 1880 1156 1925 esse
1203 1860 1394 1941 plane
1439 1859 1811 1924 constat''¹⁷.

577 1980 684 2062 (e)
750 1980 1104 2062 Anyelicus
1158 1982 1406 2044 Doctor
1465 1980 1557 2044 sic
1611 1980 1866 2044 ratione
1922 1980 2154 2061 probat
2211 1982 2673 2063 poenitentiam
2732 2003 2873 2047 esse

480 2085 821 2150 virtutem:
904 2084 1288 2148 “Poenitere
1325 2095 1424 2148 est
1461 2084 1541 2149 de
1580 2085 1799 2166 aliquo
1834 2085 2019 2166 prius
2057 2106 2097 2149 a
2136 2106 2205 2149 se
2248 2084 2424 2150 facto
2466 2085 2683 2149 dolere
2730 2136 2744 2150 .
2792 2136 2806 2150 .
2855 2138 2869 2151 .

481 2188 687 2252 Dolor
739 2188 1028 2270 (autem)
1078 2189 1182 2253 vel
1222 2188 1486 2259 tristitia
1529 2188 1873 2270 dupliciter
1915 2189 2185 2254 dicitur:
2228 2210 2370 2254 uno·
2406 2191 2602 2254 modo
2645 2211 2872 2254 secun-

482 2293 640 2356 dum
669 2289 864 2373 'quod
912 2303 1011 2355 est
1057 2292 1276 2373 passio
1329 2291 1647 2373 quaedam
1699 2292 2024 2373 appetitus
2076 2292 2388 2368 sensitivi,
2441 2305 2506 2358 et
2557 2304 2871 2375 quantum

480 2397 565 2460 ad
605 2396 728 2460 hoc
767 2396 1163 2477 poenitentia
1205 2416 1336 2459 non
1376 2406 1475 2459 est
1513 2396 1742 2470 virtus,
1788 2397 1903 2460 sed
1942 2397 2196 2478 passio;
2236 2397 2365 2461 alio
2406 2399 2604 2462 modo
2645 2418 2871 2462 secun-

481 2500 638 2563 dum
685 2499 858 2580 quod
905 2499 1198 2564 consistit
1242 2500 1309 2563 in
1355 2501 1709 2575 voluntate,
1755 2510 1821 2564 et
1868 2500 1991 2564 hoc
2038 2511 2135 2565 est
2183 2521 2331 2565 cum
2381 2502 2661 2582 quadam
2708 2503 2871 2565 elec-

481 2603 692 2678 tione;
726 2623 891 2685 quae
925 2603 1187 2685 quidem
1223 2604 1278 2667 si
1315 2603 1398 2668 sit
1433 2613 1627 2678 recta,
1664 2623 1926 2668 necesse
1961 2614 2080 2680 est,
2115 2605 2291 2685 quod
2328 2604 2412 2669 sit
2446 2615 2630 2670 actus
2665 2605 2871 2669 virtu-

479 2706 584 2771 tis.
676 2706 933 2771 Dicitur
975 2707 1148 2771 enim
1195 2707 1264 2770 in
1313 2711 1349 2769 2
1397 2708 1546 2771 Eth.
1606 2707 1780 2789 (cap.
1832 2708 1938 2787 6),
1987 2708 2161 2788 quod
2208 2707 2417 2773 virtus
2465 2719 2562 2773 est
2613 2709 2870 2773 habitus

480 2809 787 2874 electivus
833 2810 1187 2876 secundum
1233 2812 1549 2874 rationem
1597 2822 1858 2875 rectam.
1949 2811 2238 2875 Pertinet
2282 2822 2501 2876 autem
2544 2813 2628 2875 ad
2675 2813 2870 2876 ratio-

480 2934 629 2977 nem
669 2924 928 2988 rectam,
966 2924 1040 2978 ut
1076 2914 1308 2995 aliquis
1346 2915 1580 2990 doleat,
1621 2916 1700 2982 de
1739 2935 1870 2996 quo
1910 2914 2259 2978 dolendum
2298 2925 2413 2991 est,
2454 2925 2518 2978 et
2557 2936 2634 2979 eo
2673 2916 2871 2981 modo

480 3028 543 3081 et
583 3016 710 3081 fine
752 3026 888 3098 quo'
920 3017 1270 3082 dolendum
1310 3029 1444 3093 est;
1483 3020 1660 3099 quod
1700 3018 1963 3100 quidem
2004 3018 2387 3082 observatur
2428 3018 2493 3081 in
2535 3019 2868 3107 poeniten7

479 3121 589 3194 tia,
637 3122 717 3184 de
761 3142 890 3203 qua
934 3141 1106 3186 nunc
1153 3121 1512 3203 loquimur;
1559 3142 1711 3186 nam
1756 3121 2094 3204 poenitens
2142 3122 2415 3187 assumit
2459 3122 2868 3186 moderatum

479 3223 769 3286 dolorem
825 3223 905 3287 de
959 3224 1238 3306 peccatis
1294 3224 1662 3306 praeteritis
1715 3245 1867 3289 cum
1924 3224 2279 3288 intentione
2338 3225 2711 3288 removendi
2772 3245 2866 3288 ea.

479 3324 675 3389 Unde
716 3325 1141 3390 manifestum
1182 3337 1298 3401 est,
1341 3327 1515 3408 quod
1557 3328 1972 3408 poenitentia,
2016 3328 2096 3391 de
2138 3348 2267 3408 qua
2310 3348 2482 3391 nunc
2524 3328 2865 3409 loquimur,

479 3428 582 3492 vel
631 3438 729 3493 est
776 3430 985 3493 virtus
1033 3430 1135 3493 vel
1185 3440 1368 3495 actus
1417 3430 1797 3494 virtutis''¹⁸.
1890 3429 2151 3493 Etenim
2202 3431 2305 3494 cui
2358 3432 2659 3495 convenit
2711 3430 2867 3493 de'fi-

479 3530 660 3608 nitio,
691 3531 749 3594 ei
782 3532 1082 3595 convenit
1114 3542 1178 3595 et
1209 3531 1566 3596 definitum.
1640 3533 1950 3613 Jamvero
1982 3534 2434 3615 poenitentiae,
2467 3544 2662 3615 prout
2695 3553 2869 3597 nunc

479 3634 560 3698 de
606 3656 682 3697 ea
730 3636 1074 3716 loquimur,
1121 3636 1422 3700 convenit
1469 3636 1729 3700 virtutis
1778 3635 2105 3713 definitio;
2154 3657 2309 3720 ergo
2358 3648 2422 3702 et
2470 3637 2611 3719 ipsa
2658 3638 2866 3701 virtus

480 3737 563 3801 sit
601 3758 861 3803 necesse
899 3749 1015 3803 est.

907 3913 964 3973 2.
1049 3911 1462 3974 Paenitentia
1506 3920 1604 3976 est
1649 3912 1861 3976 virtus
1904 3910 2435 3992 supernaturalis.

565 4033 836 4099 Constat
884 4055 1040 4115 ergo
1088 4036 1552 4117 poenitentiam
1601 4025 1911 4102 virtutem
1962 4058 2121 4102 esse.
2221 4037 2352 4101 Sed
2400 4048 2474 4101 ut
2526 4037 2868 4101 salutifera

479 4137 582 4213 sit,
623 4138 973 4219 requiritur
1009 4149 1082 4203 ut
1121 4140 1204 4203 sit
1243 4140 1463 4205 virtus·
1489 4142 2020 4221 supernaturalis.
2104 4142 2329 4205 Potest
2370 4140 2631 4222 quidem
2672 4140 2867 4204 homo

478 4241 559 4304 de
598 4251 864 4321 peccato
899 4242 1117 4306 dolere
1159 4244 1314 4307 solis
1353 4245 1756 4309 naturalibus
1796 4245 2043 4309 viribus
2084 4255 2276 4325 atque
2317 4254 2581 4326 propter
2623 4244 2868 4307 motiva

477 4365 654 4408 mere
686 4346 1041 4421 naturalia;
1073 4346 1244 4428 quia,
1279 4371 1340 4411 v.
1374 4369 1456 4429 g„
1491 4349 1752 4413 divitias
1786 4348 2024 4422 amisit,
2059 4349 2160 4411 vel
2198 4348 2531 4411 hominum
2571 4347 2866 4411 favorem

477 4457 670 4528 atque
721 4449 1286 4542 existimationem,
1334 4452 1438 4515 vel
1486 4453 1889 4533 corporalem
1939 4452 2211 4515 salutem
2260 4462 2324 4514 et
2373 4462 2585 4514 cetera
2636 4450 2750 4530 huj
2760 4469 2867 4513 us-

560 4622 619 4663 16
635 4626 729 4681 Lc.
763 4627 841 4690 15,
873 4626 904 4679 7
937 4635 992 4681 et
1023 4646 1075 4680 v.
1111 4627 1186 4681 10.
1752 4626 1809 4666 ¹⁸
1830 4627 2043 4683 Summ.
2080 4628 2292 4693 Theoi„
2328 4628 2376 4693 3,
2413 4646 2463 4694 q.
2499 4584 2580 4693 35,
2617 4646 2665 4683 a.
2704 4629 2747 4682 1.

559 4698 617 4738 1⁷
637 4700 700 4754 P.
749 4700 824 4764 II,
869 4718 988 4765 cap.
1035 4702 1083 4764 5,
1127 4718 1181 4755 n.
1229 4700 1276 4754 9.

3448 189 3481 502 ---·Ι’,υ·
