3509 5267
930 570 1032 633 De
1069 568 1126 633 C
1125 568 1368 632 lovium
1402 567 1757 632 Potestatis
1792 566 2160 631 Existentia
2196 568 2413 648 Atque
2450 568 2519 631 N
2520 577 2728 657 utura.
2944 570 3029 634 23

635 772 756 835 per
783 751 1117 817 Christum
1150 751 1506 815 Dominum
1535 750 1720 815 fiunt.
1795 750 1882 816 Et
1912 750 2060 816 ideo
2091 751 2325 817 “nemo
2356 772 2643 835 unquam
2672 751 3027 818 catholicus

637 854 861 929 sensit,
896 874 982 919 ex
1017 852 1397 935 hujusmodi
1437 853 1677 918 nostris
1716 853 2273 919 satisfactionibus
2311 853 2445 921 vim
2484 855 2698 919 meriti
2736 866 2802 920 et
2840 856 3028 921 satis,-

642 957 947 1023 factionis
988 958 1252 1022 Domini
1293 958 1499 1022 nostri
1537 957 1697 1039 jesu
1740 956 1984 1022 Christi
2024 958 2127 1022 vel
2168 958 2501 1023 obscurari
2540 959 2645 1023 vel
2684 958 2901 1041 aliqua
2943 979 3029 1022 ex

637 1072 822 1145 parte
863 1061 1197 1126 imminui:
1236 1062 1411 1144 quod
1454 1063 1612 1126 dum
1651 1071 2001 1126 novatores
2042 1061 2397 1144 intelligere
2439 1062 2687 1138 volunt,
2730 1063 2821 1126 ita
2862 1063 3029 1144 opti·

637 1186 812 1230 mam
851 1156 1315 1247 poenitentiam
1358 1186 1596 1231 novam
1635 1165 1840 1230 vitam
1880 1186 2023 1230 esse
2065 1166 2317 1240 docent,
2358 1176 2432 1230 ut
2472 1166 2686 1230 omnis
2728 1166 3029 1231 satisfac-

638 1269 835 1335 tionis
875 1268 1010 1334 vim
1049 1280 1116 1335 et
1157 1289 1349 1335 usum
1389 1269 1734 1335 tollant”⁴⁶.
1825 1269 2024 1333 Nulla
2066 1289 2223 1351 ergo
2263 1269 2631 1334 obscuratio
2672 1270 2775 1334 vel
2819 1268 3029 1333 immi-

640 1372 844 1450 nutio,
893 1373 1071 1438 nulla
1119 1393 1377 1456 quoque
1424 1372 1745 1457 gloriatio.

1583 1549 2084 1615 SCHOLION.

1134 1673 1236 1737 De
1279 1672 1619 1736 lutherum:
1657 1671 2091 1752 poenitentiae
2134 1668 2529 1753 definitione,

724 1805 832 1869 Ex
878 1804 1174 1870 doctrina
1219 1804 1518 1887 superius
1563 1804 1883 1886 exposita,
1929 1804 2067 1886 jam
2114 1804 2321 1869 videri
2369 1814 2583 1887 potest
2628 1816 2944 1888 quantum
2992 1826 3031 1870 a

641 1910 914 1974 veritate
962 1910 1218 1974 aberret
1268 1908 1597 1973 Lutherus
1645 1928 1797 1973 cum
1846 1908 1981 1973 suis
2031 1908 2437 1991 generaliter,
2487 1910 2749 1991 quando
2801 1909 3031 1973 asserit

640 2013 1103 2095 poenitentiam
1140 2013 1494 2077 consistere
1535 2013 1985 2077 tantummodo
2026 2012 2093 2076 in
2131 2012 2595 2094 resipiscentia,
2634 2032 2748 2078 seu
2788 2014 2855 2077 in
2893 2014 3035 2077 sola

640 2117 812 2181 vitae
843 2116 1219 2191 mutatione,
1247 2116 1404 2199 quin
1431 2126 1732 2181 teneatur
1757 2126 2059 2198 peccator
2088 2118 2674 2200 anteacta'peccata
2705 2116 3031 2182 detestari.

643 2220 829 2286 Cath.
872 2221 1082 2295 Rom„
1124 2220 1293 2285 inter
1331 2220 1547 2285 varias
1590 2219 2093 2303 significationes
2134 2221 2566 2303 poenitentiae
2608 2220 2854 2285 nomini
2897 2221 3032 2286 affi-

641 2345 784 2399 xas,
831 2304 1297 2389 commemorat
1343 2334 1752 2406 sequentem:
1844 2324 2041 2399 “Alii,
2088 2346 2129 2389 a
2176 2323 2491 2389 catholica
2536 2324 2688 2389 fidei
2738 2324 3033 2389 doctrina

643 2428 1016 2510 longissime
1068 2428 1319 2506 remoti,
1371 2449 1522 2494 cum
1572 2428 1971 2493 arbitrentur
2024 2428 2497 2493 Poenitentiam
2550 2429 2794 2493 nullam
2847 2448 3033 2510 prae-

643 2532 816 2596 teriti
861 2532 1173 2615 temporis
1218 2532 1537 2597 rationem
1580 2532 1839 2608 habere,
1884 2532 2043 2597 nihil
2085 2532 2263 2597 aliud
2308 2553 2503 2615 quam
2548 2553 2786 2598 novam
2830 2532 3032 2597 vitam

641 2656 784 2701 esse
817 2636 1251 2701 definiunt”⁴⁸.
1331 2635 1498 2701 Cum
1531 2636 1690 2701 haec
1724 2637 2019 2701 doctrina
2054 2636 2394 2701 lutherana
2430 2636 2803 2718 longissime
2838 2638 3034 2701 distet

641 2759 684 2803 a
729 2740 1046 2805 catholico
1091 2740 1415 2821 dogmate,
1461 2740 1610 2805 ideo
1654 2740 1679 2821 j
1686 2761 1804 2805 ure
1851 2740 2209 2822 meritoque
2257 2762 2297 2805 a
2344 2740 2563 2806 Leone
2612 2741 2679 2803 X
2727 2741 3034 2805 damnata

647 2843 795 2908 fuit.
893 2844 999 2908 En
1051 2844 1348 2909 doctrina
1401 2865 1442 2909 a
1499 2844 1789 2909 Luthero
1845 2844 2179 2926 proposita
2236 2854 2300 2907 et
2357 2865 2397 2908 a
2455 2844 2635 2926 Papa
2692 2846 3031 2909 damnata:

643 2946 1121 3013 “Verissimum
1163 2958 1263 3012 est
1309 2948 1726 3029 proverbium
1775 2958 1839 3012 et
1886 2947 2179 3013 omnium
2229 2946 2524 3011 doctrina
2571 2949 2651 3012 de
2700 2947 3033 3011 contritio-

641 3052 833 3117 nibus
870 3053 997 3118 huc
1033 3072 1237 3133 usque
1275 3052 1428 3115 data
1465 3050 1938 3133 praestantius;
1978 3052 2059 3115 de
2094 3060 2311 3115 cetero
2349 3070 2481 3114 non
2524 3050 2740 3115 facere
2778 3071 3035 3115 summa

642 3154 1074 3238 poenitentia;
1131 3153 1378 3236 optima
1435 3154 1853 3237 poenitentia,
1912 3173 2084 3218 nova
2144 3152 2396 3217 vita’'⁴⁷.
2481 3153 2709 3234 Itaque
2767 3172 3035 3235 prover-

643 3257 822 3322 bium
864 3257 1024 3322 illud
1067 3276 1199 3321 non
1242 3256 1656 3321 verissimum
1699 3266 1820 3333 est,
1864 3256 1979 3320 sed
2027 3256 2471 3320 falsissimum.
2560 3255 2715 3319 Non
2760 3265 3033 3335 negatur

643 3361 904 3443 quidem
941 3359 1404 3444 poenitentiam
1440 3359 1768 3424 includere
1808 3360 2353 3442 resipiscentiam;
2390 3368 2665 3441 negatur
2700 3358 3033 3442 poeniten-

642 3464 802 3530 tiam
842 3485 984 3529 esse
1025 3464 1533 3546 resipiscentiam
1577 3464 1783 3529 unice.
1870 3463 2002 3529 Sed
2044 3463 2231 3527 liceat
2273 3462 2584 3527 nonnulla
2624 3462 2752 3527 alia
2794 3462 3033 3526 addere

643 3568 843 3633 verba
878 3568 1052 3632 circa
1090 3588 1228 3631 rem
1263 3567 1428 3633 tanti
1467 3568 1799 3632 momenti.
2979 3559 2985 3564 ’

729 3670 1056 3735 Lutherus
1096 3670 1164 3734 in
1205 3690 1328 3735 suo
1366 3690 1663 3734 sermone
1705 3671 1787 3733 de
1825 3669 2241 3753 poenitentia,
2285 3690 2343 3733 a.
2392 3672 2553 3731 1518
2594 3668 2837 3743 habito,
2878 3667 3034 3733 dicit

643 3793 896 3839 sacram
932 3772 1337 3856 Scripturam
1371 3772 1835 3856 poenitentiam
1870 3793 2002 3837 non
2034 3793 2268 3838 vocare
2304 3772 2616 3847 dolorem,
2650 3772 2765 3835 sed
2798 3772 3033 3835 mentis

645 3878 1070 3942 mutationem
1121 3886 1316 3959 atque
1367 3877 1655 3941 consilii:
1752 3877 1876 3940 “In
1928 3897 2053 3941 usu
2108 3874 2483 3958 Scripturae
2538 3895 2759 3939 sacrae
2810 3876 3033 3958 poeni-

643 3981 848 4044 tentia
879 4001 1012 4045 non
1043 3980 1281 4045 dicitur
1313 3981 1520 4056 dolor,
1554 3981 1671 4045 sed
1703 3980 1978 4045 mutatio
2011 3980 2246 4044 mentis
2280 3991 2346 4044 et
2377 3978 2691 4044 consilii”.
2769 3978 2877 4041 Ex
2911 3977 3034 4043 hoc

647 4083 974 4149 Lutherus
1022 4084 1282 4149 deducit
1327 4083 1790 4165 poenitentiam
1839 4104 1981 4148 esse
2027 4103 2265 4148 novam
2312 4083 2515 4148 vitam
2562 4082 3032 4146 tantummodo,

649 4186 780 4251 Sed
813 4198 1060 4262 contra,

731 4290 782 4356 1.
867 4290 1270 4373 Scripta-4)
1337 4292 1398 4356 V
1397 4300 1480 4358 et.
1535 4288 2045 4355 Test.—Contra
2092 4291 2217 4354 hoc
2264 4299 2703 4354 commentum
2753 4287 3036 4351 luthera·

646 4410 804 4458 num
857 4395 1216 4458 notandum
1270 4404 1369 4458 est
1422 4393 1598 4476 quod
1653 4412 1839 4457 sacra
1897 4391 2236 4475 Scriptura
2290 4391 2440 4474 conj
2448 4392 2632 4473 ungit
2687 4400 3035 4471 utrumque

645 4495 1056 4580 elementum,
1095 4518 1203 4572 sc„
1242 4497 1734 4562 detestationem
1771 4496 2017 4577 peccati
2053 4495 2382 4560 commissi
2421 4505 2487 4559 et
2523 4494 2695 4558 vitae
2734 4492 3036 4557 emenda-

729 4664 786 4703 45
805 4667 978 4732 Trid„
1019 4685 1152 4723 sess.
1195 4669 1273 4733 14,
1311 4685 1429 4733 cap.
1465 4669 1514 4723 8.
1924 4664 1981 4705 ⁴⁷
2000 4667 2361 4732 Denz.-Ban.,
2403 4684 2455 4721 n.
2496 4665 2609 4719 747.

729 4733 791 4772 ⁴⁶
807 4734 870 4791 P.
913 4736 989 4801 11,
1031 4753 1148 4801 cap.
1191 4738 1241 4801 5,
1283 4754 1338 4792 n.
1377 4736 1427 4791 2.
