3509 5267
873 556 974 619 De
1012 554 1310 618 Clavium
1345 555 1701 620 Potestatis
1734 555 2106 619 Existeutia
2139 557 2357 636 Atque
2393 556 2671 620 Natura.
2848 556 2967 619 101

580 750 646 804 et
687 739 1105 804 reminiscens
1145 759 1311 816 eam,
1352 758 1518 820 quae
1562 758 1757 819 super
1797 737 2202 821 poenitentes
2243 747 2362 814 est,
2406 739 2760 804 bonitatem
2803 739 2864 821 ej
2873 761 2972 815 us,

579 862 697 907 nec
733 842 855 906 hac
889 842 958 905 in
993 862 1063 906 re
1096 851 1429 922 tamquam
1463 841 1799 923 exemplar
1835 862 2098 907 sumens
2133 863 2266 918 eoS,
2303 843 2414 924 qui
2453 843 2523 907 in
2558 843 2970 907 multitudine

579 954 993 1026 peccatorum
1031 943 1100 1008 in
1134 944 1533 1027 poenitentia
1568 956 1957 1027 acceperunt
1996 945 2446 1010 remissionem
2482 967 2522 1010 a
2562 946 2746 1012 Deo”
2795 946 2969 1030 (cap.

582 1046 726 1127 21).
817 1047 1124 1131 Episcopi
1171 1067 1330 1130 ergo
1372 1057 1762 1129 potestatem
1808 1048 2046 1113 habent
2094 1049 2540 1114 remissionem
2587 1048 2970 1114 conferendi

577 1136 1011 1234 peccatorum,
1048 1159 1113 1214 et
1151 1151 1319 1216 hanc
1356 1170 1661 1216 exercere
1700 1151 1936 1216 debent
1976 1171 2171 1234 super
2210 1172 2650 1234 quaecumque
2688 1161 2971 1235 peecata,

581 1252 935 1317 dummodo
979 1263 1386 1335 peccatorem
1426 1273 1582 1319 vere
1626 1253 1974 1337 poeniteat,
2019 1274 2139 1320 nec
2181 1254 2412 1319 timere
2457 1254 2691 1319 debent
2737 1255 2804 1319 in
2850 1254 2973 1318 hoc

586 1353 907 1431 faciende,
945 1355 1099 1437 quia
1138 1355 1230 1421 sic
1269 1355 1391 1421 sibi
1428 1366 1802 1438 proponunt
1839 1365 2172 1438 tamquam
2213 1359 2548 1439 exemplar
2588 1358 2820 1433 Deum,
2859 1356 2970 1440 qui

580 1457 900 1534 omnibus,
938 1458 1194 1546 nemine
1230 1468 1525 1541 excepto,
1560 1459 1836 1542 benigne
1871 1469 2111 1542 parcet.

666 1567 741 1648 8)
785 1567 856 1634 S.
892 1569 955 1632 A
960 1569 1323 1651 uyustinus,
1359 1569 1658 1634 hortatur
1694 1569 1918 1636 fideles
1953 1591 2035 1634 ne
2070 1569 2339 1636 audiant
2375 1592 2508 1648 eoS,
2547 1572 2698 1654 “qui
2736 1582 2972 1654 negant

582 1670 939 1736 Ecclesiam
988 1671 1112 1735 Dei
1164 1672 1383 1736 omnia
1429 1693 1621 1754 posse
1669 1682 1935 1755 peccata
1983 1673 2350 1738 dimittere”
2411 1674 2696 1757 (Migne‚
2748 1675 2822 1740 P.
2876 1676 2972 1750 L..

581 1782 735 1838 tom.
776 1778 880 1848 40,
916 1775 1036 1839 col.
1078 1773 1266 1854 308).
1347 1774 1435 1839 Et
1474 1775 1544 1838 in
1582 1775 1880 1841 sermone
1919 1779 2040 1839 352
2093 1777 2377 1858 (Migne,
2419 1776 2493 1842 P.
2536 1778 2633 1854 L.,
2672 1788 2827 1843 tom.
2871 1782 2973 1854 39,

583 1876 699 1940 col.
755 1877 983 1956 1559),
1031 1877 1187 1942 dicit
1234 1878 1409 1959 quod
1456 1877 1611 1942 talia
1659 1877 1947 1944 dicentes
1991 1879 2282 1945 “exclusi
2333 1891 2484 1946 sunt
2531 1881 2614 1945 ab
2661 1881 2971 1957 Ecclesia,

579 1987 645 2042 et
695 1978 1000 2043 haeretici
1060 1978 1218 2044 facti
1274 1990 1445 2045 sunt.
1542 1981 1623 2044 In
1678 1981 2187 2063 quibuscumque
2239 1982 2521 2066 peccatis
2575 2003 2707 2047 non
2760 1984 2974 2066 perdit

573 2070 829 2147 'viscera
868 2082 978 2164 pia
1020 2092 1229 2147 mater
1275 2082 1625 2149 Ecclesia”.

666 2195 741 2277 9)
790 2197 924 2261 Pro
957 2195 1029 2262 S.
1069 2195 1347 2274 Gelasio,
1385 2195 1585 2278 Papa,
1623 2195 1875 2260 nullum
1911 2196 2105 2259 datur
2138 2204 2474 2276 peccatum
2514 2195 2970 2260 irremissibile.

583 2299 898 2364 “Nullum
948 2310 1044 2364 est
1093 2300 1333 2381 quippe
1381 2308 1737 2381 peccatum,
1789 2319 1912 2381 pro
1959 2319 2092 2380 quo
2142 2308 2256 2362 aut
2306 2318 2438 2363 non
2488 2309 2631 2363 oret
2683 2297 2974 2362 Ecclesia

584 2403 989 2479 remittendO,
1032 2412 1146 2467 aut
1185 2402 1380 2483 quod,
1423 2403 1577 2466 data
1617 2401 1738 2467 sibi
1782 2400 2094 2467 divinitus
2132 2410 2472 2484 potestate,
2517 2401 2972 2466 desistentibus

582 2505 664 2569 ab
712 2506 942 2570 eodem
992 2526 1125 2569 non
1172 2505 1380 2588 possit
1430 2504 1766 2570 absolvere
1816 2504 1918 2568 vel
1968 2503 2447 2586 poenitentibus
2501 2505 2814 2579 relaxare,
2866 2504 2971 2568 cui

582 2607 851 2672 dicitur:
935 2607 1395 2688 Quaecumque
1434 2606 1811 2672 dimiseritis
1849 2626 2044 2688 super
2080 2617 2323 2671 terram
2368 2656 2383 2671 .
2431 2657 2445 2671 .
2493 2656 2508 2670 .
2593 2607 2670 2670 In
2709 2607 2972 2689 quibus-

582 2731 855 2793 cumque
884 2710 1101 2775 omnia
1127 2720 1298 2784 sunt,
1323 2719 1843 2792 quantacumque
1868 2718 1934 2773 et
1959 2707 2451 2791 qualiacumque
2478 2708 2650 2773 sint''
2687 2708 2972 2789 (Migne,

585 2813 657 2878 P.
704 2814 800 2889 L„
841 2823 998 2877 tom.
1044 2817 1145 2889 59,
1187 2813 1306 2877 col.
1356 2811 1541 2893 105).

670 2922 784 3004 10)
823 2923 894 2988 S.
925 2923 1213 2988 Ioannes
1245 2922 1750 3006 chrysostomus
1783 2921 1850 2983 in
1879 2921 2365 2986 universalitate
2395 2920 2676 2986 clavium
2707 2919 2972 2985 innixus

584 3025 1045 3108 “pronuntiare
1098 3044 1230 3089 non
1282 3023 1634 3090 dubitavit:
1732 3023 1914 3088 Licet
1963 3023 2195 3088 millies
2248 3023 2712 3106 poenitentiam
2763 3023 2973 3105 egeris

594 3126 693 3207 (et
733 3128 1023 3210 relapsus
1066 3126 1338 3207 fueris),
1376 3125 1651 3191 accede”
1689 3127 1775 3190 ad
1811 3146 1936 3201 me,
1975 3137 2049 3191 ut
2087 3125 2295 3202 refert
2330 3125 2639 3191 Socrates
2687 3126 2972 3208 (Migne,

586 3232 685 3306 6¹7,
724 3229 910 3311 726).
993 3230 1176 3293 Idem
1214 3229 1280 3294 S.
1319 3229 1567 3294 Doctor
1600 3229 1683 3293 ab
1718 3228 2110 3295 adversariis
2146 3238 2488 3293 accusatur
2524 3231 2604 3293 de
2639 3250 2718 3292 eo
2757 3229 2973 3311 “quod

580 3331 905 3397 licentiam
945 3333 1359 3414 peccantibus
1397 3333 1704 3413 praebat
1743 3331 1837 3397 sic
1879 3333 2151 3396 docens:
2237 3331 2352 3396 “Si
2397 3331 2633 3396 iterum
2672 3331 2972 3413 peccasti,

580 3434 908 3516 poeniteat
966 3435 1237 3511 iterum;
1297 3444 1361 3499 et
1419 3434 1675 3516 quoties
1733 3435 2123 3517 peccaveriS,
2185 3434 2332 3500 veni
2395 3435 2479 3498 ad
2541 3454 2664 3508 me,
2726 3453 2847 3515 ego
2907 3442 2972 3496 te

582 3536 939 3603 sanabo”⁸⁸.
1750 3557 1754 3561 *

670 3640 786 3721 11)
831 3640 1192 3704 Persuasus
1228 3640 1309 3704 de
1343 3640 1570 3704 eadem
1605 3639 1879 3705 veritate
1913 3658 2084 3721 papa
2124 3638 2528 3703 Caelestinus
2561 3639 2599 3701 Ι
2633 3638 2855 3701 horret
2892 3639 2973 3701 de

583 3740 781 3824 impia
819 3741 1011 3823 praxi
1053 3742 1413 3824 denegandi
1455 3741 1926 3807 absolutionem
1967 3740 2373 3806 moribundis
2415 3741 2482 3804 in
2523 3740 2973 3804 executionem

582 3845 888 3909 mandata
932 3865 973 3909 a
1017 3844 1344 3909 nonnullis
1390 3843 1731 3927 episcopis,
1776 3854 1841 3908 et
1885 3843 2074 3908 dicit:
2163 3843 2460 3925 “Quovis
2503 3853 2796 3925 tempore
2841 3863 2972 3907 non

583 3956 681 4011 est
716 3947 1093 4028 deneganda
1126 3946 1524 4029 poenitentia
1556 3946 2028 4029 postulanti”⁸⁹.

671 4055 786 4136 12)
834 4055 905 4120 S.
946 4056 1349 4137 Fulyeutius,
1389 4056 1697 4137 colligens
1736 4056 1806 4119 in
1844 4075 2050 4120 unum
2090 4054 2262 4119 dicta
2306 4054 2425 4120 SS.
2470 4053 2740 4119 Patrum
2780 4063 2974 4135 atque

582 4157 840 4238 praxim
876 4157 1223 4234 Ecclesiae,
1261 4157 1450 4222 dicit:
1530 4156 1707 4240 “Qui
1744 4179 1876 4223 non
1911 4158 2116 4223 credit
2152 4158 2325 4222 intra
2361 4156 2718 4222 Ecclesiam
2753 4157 2974 4221 catho-

584 4257 774 4324 licam
824 4270 1056 4324 cuucta
1101 4261 1381 4325 relaxari
1431 4281 1622 4343 posse
1668 4270 1954 4344 peccata,
2005 4260 2144 4343 ipse
2195 4260 2316 4326 sibi
2366 4259 2813 4324 remissionem
2863 4259 2974 4322 de-

584 4371 796 4443 negat,
845 4362 899 4427 si
949 4363 1030 4427 de
1077 4363 1198 4428 hoc
1244 4363 1503 4428 saeculo
1550 4362 1619 4426 in
1664 4364 1893 4428 eadem
1940 4363 2420 4446 impoenitentis
2468 4362 2682 4427 cordis
2733 4361 2974 4427 duritia

583 4482 1005 4544 perseverans
1042 4465 1123 4529 ab
1156 4463 1587 4530 ecclesiastica
1621 4466 1928 4556 societate
1964 4465 2368 4531 discedat”⁹⁰.

665 4642 881 4701 ⁸⁸1bid.
920 4646 1032 4712 103,
1073 4647 1183 4701 111.
1635 4645 1834 4705 ”Lib
1877 4651 1923 4716 1,
1960 4649 2049 4706 De
2088 4647 2423 4704 Remission.
2459 4657 2685 4714 peccat„
2723 4665 2840 4714 oep.
2879 4649 2960 4704 23.

667 4715 723 4757 ⁸⁰
742 4717 881 4775 Ibid.
910 4721 993 4787 50,
1023 4721 1139 4776 431.
