3509 5267
521 542 605 604 82
826 541 927 603 De
965 539 1264 608 Cluvium
1297 535 1651 599 Potestatis
1686 533 2057 598 Existentia
2091 533 2308 612 Atque
2344 531 2623 595 Natura.

524 745 565 790 a
617 731 879 805 peccato
890 742 918 798 ;
970 731 1257 786 attamen
1313 717 1615 784 sacerdos
1669 716 1949 781 absolvit
2002 735 2136 780 non
2189 713 2455 797 propria
2511 712 2915 788 auctoritate,

523 828 639 892 sed
661 825 1046 890 auctoritate
1068 844 1107 887 a
1134 824 1277 886 Deo
1302 822 1454 886 data
1478 832 1576 885 est
1600 831 1665 884 et
1688 819 2134 902 cooperative:
2204 818 2546 882 “Potestas
2572 817 2814 898 lig-andi
2839 837 2917 882 ac

526 928 817 994 solvendi
858 949 898 991 a
931 935 1194 1009 peccato
1235 935 1333 989 est
1374 924 1575 988 solius
1615 921 1761 998 Dei,
1798 921 2060 1004 proprie
2101 931 2166 984 et
2202 941 2320 1002 per
2360 940 2429 984 se
2468 919 2811 1002 loquendo,
2853 928 2918 982 et

526 1033 807 1114 quodam
859 1031 1056 1094 modo
1105 1027 1515 1110 cooperative
1565 1036 1663 1090 est
1716 1025 2008 1107 ipsorum
2061 1023 2470 1088 sacerdotum
2516 1072 2531 1086 .
2578 1071 2592 1084 .
2641 1071 2656 1085 .
2704 1071 2718 1086 .
2817 1021 2918 1083 De

525 1123 646 1199 hac
706 1132 1160 1216 cooperatione
1222 1130 1669 1211 intelliguntur
1728 1128 1927 1192 verba
1991 1124 2255 1190 Domini
2319 1126 2387 1188 in
2451 1124 2789 1189 Matthaeo
2853 1133 2920 1188 et

525 1238 779 1320 Joanne
824 1285 838 1300 .
886 1285 901 1300 .
948 1234 1007 1299 .”
1092 1235 1179 1297 Et
1222 1233 1461 1297 ibidem
1503 1232 1797 1296 membro
1846 1235 1902 1306 6,
1947 1241 2068 1294 art.
2117 1234 2176 1304 3,
2223 1227 2504 1310 explicat
2549 1248 2679 1309 quo
2724 1247 2920 1292 sensu

527 1339 768 1421 ligandi
805 1349 869 1403 et
903 1337 1194 1402 solvendi
1228 1345 1515 1419 potestas
1550 1335 1794 1399 “solius
1830 1333 1996 1397 Dei''
2035 1333 2136 1408 sit,
2174 1353 2282 1408 sc.,
2319 1331 2744 1396 “auctoritate
2782 1330 2921 1394 sive

527 1462 645 1524 per
699 1440 846 1518 se”;
900 1441 1116 1522 quoad
1174 1439 1502 1504 Ecclesiae
1555 1438 1882 1521 praelatos
1940 1436 2223 1501 declarat
2281 1455 2394 1499 eos
2449 1434 2786 1499 absolvere
2840 1454 2922 1499 ac

529 1545 730 1626 ligare
770 1564 962 1627 posse
1002 1542 1386 1607 auctoritate
1429 1541 1588 1606 Dei:
1676 1540 2171 1605 “Praelatorum
2216 1538 2544 1603 Ecclesiae
2586 1548 2684 1602 est
2727 1535 2923 1600 mini-

530 1647 728 1712 sterio
768 1648 923 1710 dato
962 1667 1002 1711 a
1043 1647 1204 1721 De0,
1246 1666 1380 1710 non
1419 1666 1469 1709 a.
1500 1643 1630 1710 se”.

617 1761 844 1841 Itaque
892 1759 1142 1823 nullum
1189 1758 1375 1823 adest
1423 1757 1692 1822 dubium
1752 1756 2017 1837 (saltem
2065 1766 2139 1820 ut
2189 1755 2348 1818 mihi
2397 1753 2692 1834 videtur)
2750 1753 2926 1817 circa

530 1872 813 1926 mentem
903 1860 1206 1949 Doctoris
1294 1860 1782 1942 Irrefrayabilis
1870 1857 2254 1934 Alexandri,
2346 1856 2662 1940 quidquid
2751 1855 2926 1920 dicat

532 1965 831 2030 Estius⁵⁸.

616 2069 855 2152 Quoad
886 2069 959 2134 S.
993 2070 1491 2134 Bonaventurae
1526 2079 1828 2145 mentem,
1866 2089 1968 2133 res
2003 2089 2135 2132 non
2170 2068 2262 2132 ita
2295 2067 2513 2132 claret.
2591 2066 2926 2139 Attamen,

535 2172 875 2254 diligenter
928 2172 1214 2254 inspecta
1271 2172 1337 2237 S.
1393 2172 1697 2236 Doctoris
1749 2170 2224 2252 terminologia,
2279 2171 2486 2252 magis
2539 2169 2785 2234 accedit
2840 2169 2924 2231 ad

532 2275 905 2358 opinionem
949 2275 1253 2357 Hugonis
1296 2284 1359 2339 et
1402 2275 1787 2351 Alexandri,
1833 2296 2028 2357 quam
2070 2277 2156 2340 ad
2198 2275 2571 2358 opinionem
2615 2274 2927 2339 Richardi

535 2389 598 2442 et
640 2378 817 2441 Petri
859 2377 1229 2442 Lombardi.

619 2487 734 2552 “Si
767 2486 1314 2569 quaeratur,—ait
1349 2486 1415 2551 S.
1451 2487 2296 2561 Bonaventura⁵⁴,—utrum
2328 2494 2615 2566 potestas
2650 2485 2930 2564 clav-ium

538 2610 607 2653 se
656 2589 966 2654 extendat
1014 2591 1100 2654 ad
1150 2589 1489 2653 delendam
1536 2590 1831 2670 culpam;
1883 2589 2227 2652 dicendum
2278 2590 2454 2671 quod
2503 2590 2664 2652 bene
2714 2599 2930 2671 potest

539 2713 609 2756 se
660 2691 1010 2756 extendere
1062 2712 1179 2773 per
1229 2693 1496 2756 modum
1553 2691 1960 2775 deprecantis
2011 2702 2076 2755 et
2128 2691 2536 2772 impetrantis
2582 2734 2616 2755 .-
2643 2741 2658 2754 .
2707 2713 2758 2768 .;
2815 2691 2928 2755 sed

537 2814 655 2876 per
691 2796 958 2859 modum
995 2795 1423 2875 impertientis
1462 2815 1611 2858 non.
1696 2793 2028 2876 Quoniam
2067 2815 2222 2877 ergo
2258 2803 2548 2877 potestas
2587 2805 2775 2858 sonat
2812 2814 2932 2876 per

539 2897 807 2961 modum
854 2897 1050 2961 activi
1095 2908 1159 2961 et
1205 2897 1635 2979 impertientis
1683 2897 1810 2960 EX
1861 2898 2006 2974 SE;
2054 2898 2205 2962 hinc
2254 2908 2372 2974 est,
2421 2899 2596 2980 quod
2642 2907 2934 2980 potestas

541 2998 839 3076 clavium,
862 3000 1121 3082 proprie
1145 3001 1484 3082 loquend0,
1515 3021 1647 3063 non
1680 3022 1749 3067 se
1781 3002 2074 3064 extendit
2107 3021 2304 3082 supra
2335 3001 2652 3082 culpam’2.
2733 3001 2929 3063 Prae-

538 3100 735 3164 citata
774 3101 973 3164 verba
1014 3111 1165 3164 sunt
1203 3101 1610 3183 aliquatenus
1653 3102 1935 3185 difficilia
1976 3103 2322 3167 intellectu.
2410 3101 2556 3166 Sed-
2582 3103 2636 3166 si
2678 3123 2933 3166 accom-

540 3203 887 3266 modentur
934 3204 1131 3267 verba
1181 3203 1290 3268 illa
1338 3204 1828 3287 terminologiae
1878 3206 2224 3281 communi,
2271 3216 2427 3270 tunc
2475 3205 2810 3288 apparebit
2861 3205 2928 3269 S.

543 3304 1069 3369 Bonaventuram
1118 3326 1251 3370 non
1298 3307 1617 3372 sustinere
1664 3308 2051 3372 sententiam
2100 3308 2181 3372 de
2229 3309 2615 3386 ostensione,
2666 3308 2811 3373 licet
2862 3308 2932 3373 S.

542 3407 790 3475 Doctor
844 3409 1363 3490 terminologiam
1419 3431 1830 3474 communem
1887 3431 2020 3475 non
2076 3411 2398 3487 adhibeat,
2459 3412 2573 3476 sed
2630 3412 2935 3477 adhibeat

541 3510 1060 3593 terminologiam
1107 3510 1226 3576 sibi
1271 3513 1622 3594 propriam.

630 3622 1076 3689 Communiter
1124 3622 1394 3686 dicitur:
1443 3623 1623 3686 Deus
1670 3622 1948 3687 absolvit
1993 3623 2377 3688 auctoritate
2422 3624 2689 3707 propria
2735 3635 2800 3689 et
2848 3644 2936 3692 ex

544 3748 631 3792 se.
712 3726 785 3792 S.
824 3726 1288 3790 Bonaventura
1324 3724 1513 3789 dicit:
1596 3725 1778 3789 Deus
1817 3725 2093 3790 absolvit
2131 3727 2290 3808 “per
2327 3727 2595 3790 modum
2634 3728 2826 3792 activi
2869 3737 2938 3794 et

540 3828 969 3912 impertientis
1002 3849 1087 3892 ex
1119 3827 1788 3893 se”.-Communiter
1819 3827 2090 3892 dicitur:
2146 3828 2371 3894 Homo
2403 3829 2681 3894 absolvit
2714 3840 2938 3894 aucto-

545 3932 736 3997 ritate
781 3930 1275 4005 communicata,
1322 3931 1708 3995 auctoritate
1755 3932 1928 4007 data,
1978 3931 2339 3996 ministerio
2389 3952 2503 3996 seu
2550 3933 2938 3996 auctoritate

543 4033 969 4108 ministeriali,
1008 4053 1141 4096 non
1178 4053 1219 4100 a
1258 4053 1347 4108 se,
1386 4034 1487 4098 vel
1527 4053 1612 4096 ex
1648 4053 1737 4097 se.
1819 4033 1891 4099 S.
1931 4034 2394 4098 Bonaventura
2435 4035 2624 4099 dicit:
2711 4034 2940 4098 Homo·

544 4135 821 4201 absolvit
878 4137 1038 4219 “per
1094 4136 1362 4200 modum
1423 4136 1829 4219 deprecantis
1887 4147 1953 4200 et
2013 4136 2934 4219 impetrantis”.—Praeterea,

544 4239 903 4304 notandum
937 4249 1036 4303 est
1073 4238 1140 4303 S.
1180 4239 1707 4303 Bonaventuram
1742 4239 2142 4322 distinguere
2177 4239 2345 4306 inter
2380 4241 2709 4304 hominem
2746 4239 2942 4322 justi-

547 4340 810 4405 ficatum
860 4340 1012 4422 (per
1049 4341 1503 4406 contritionem
1541 4341 1941 4424 perfectam)
1990 4353 2055 4406 et
2095 4343 2424 4406 hominem
2461 4343 2776 4408 attritum.
2864 4341 2935 4408 Si

547 4443 744 4508 homo
795 4442 1190 4524 justificatus
1245 4455 1364 4520 est,
1420 4455 1677 4509 tenetur
1729 4446 2035 4510 accedere
2089 4445 2174 4509 ad
2227 4445 2731 4521 confessionem,
2784 4445 2946 4528 quia

631 4628 689 4667 ⁵⁸
709 4629 778 4684 In
822 4629 908 4684 IV
954 4610 1111 4686 Sent.¹
1152 4629 1483 4696 Comment.,
1526 4641 1659 4687 tom.
1705 4632 1814 4698 ΙΙΙ,
1855 4649 1981 4699 pag.
2024 4631 2139 4698 236,
2185 4631 2314 4688 edit.
2362 4633 2507 4698 1680,
2557 4632 2736 4688 Paris.

630 4706 688 4746 ⁵⁴
706 4707 1040 4775 Quaracchi,
1080 4719 1213 4765 tom.
1256 4710 1358 4776 IV,
1395 4729 1522 4778 pag.
1559 4713 1675 4767 473.
