3509 5267
895 548 997 610 De
1037 546 1336 610 Cluvium
1368 545 1723 611 Potestatis
1757 546 2129 610 Existentia
2162 546 2381 626 Atque
2415 547 2693 612 Natura.
2913 549 2997 613 65

513 732 521 740 '
606 751 895 805 manenS,
944 739 1016 794 ut
1064 738 1243 811 patet
1291 750 1376 793 ex
1424 749 1653 793 eorum
1703 727 2099 805 definitione,
2149 740 2624 795 sacramentum
2674 731 2847 795 enim
2896 741 2994 796 est

607 834 863 915 signum
895 832 1214 907 sensibile,
1242 832 1491 913 gratiae
1523 831 2024 913 significativum
2054 842 2119 896 et
2150 832 2627 914 productivum,
2660 855 2699 898 a
2732 833 2996 899 Christo

602 945 1059 1017 permanenter
1096 935 1500 1011 institutum;
1540 955 1715 1017 ergo.

701 1061 812 1143 (b)
860 1061 1158 1127 Potestas
1191 1061 1471 1125 clavium
1506 1061 1803 1125 instituta
1843 1060 1971 1125 fuit
2004 1082 2045 1125 a
2084 1060 2345 1127 Christo
2382 1062 2666 1127 Domino
2702 1063 2770 1126 in
2811 1063 2995 1126 favo-

609 1186 744 1229 rem
791 1174 1239 1246 peccatorum;
1288 1164 1401 1229 sed
1450 1173 1821 1247 peccatores
1873 1184 2127 1247 semper
2174 1165 2486 1240 aderunt:
2535 1186 2692 1247 ergo
2742 1186 2995 1247 semper

607 1268 815 1331 aderit
853 1268 1133 1332 clavium
1166 1276 1475 1349 potestas.

703 1393 808 1474 (c)
866 1393 960 1459 Cl.
1005 1394 1247 1458 Pesch²
1295 1414 1417 1475 pro
1461 1394 1908 1475 permanentia
1951 1392 2232 1459 clavium
2276 1395 2443 1458 hanc
2488 1394 2753 1459 adducit
2800 1394 2999 1459 ratio-

607 1517 789 1560 nem:
881 1496 1172 1560 “Eodem
1217 1496 1871 1571 mod0,—ait,—data
1915 1506 2015 1561 est
2060 1497 2219 1561 haec
2260 1506 2547 1579 potestas
2594 1506 2787 1578 atque
2832 1496 2997 1560 aliae

606 1608 957 1680 potestates
1031 1600 1326 1674 docendi,
1399 1599 1791 1681 baptizandi,
1866 1600 2324 1664 eucharistiam
2398 1598 2801 1675 conficiendi,
2874 1610 2994 1664 etc.

606 1701 810 1782 Atqui
853 1722 1078 1767 omnes
1126 1702 1418 1766 fatentur
1461 1703 1584 1767 hae
1627 1712 1980 1784 potestates
2024 1722 2287 1766 manere
2330 1702 2399 1766 in
2442 1703 2728 1767 ecclesia.
2818 1703 2996 1785 Ergo

607 1804 802 1867 etiam
831 1814 1118 1887 potestas
1152 1805 1519 1869 remittendi
1552 1806 1875 1887 peccata’'.

693 1934 776 1997 N.
821 1933 1100 1997 B.-—Dr.
1141 1932 1302 1996 Lea⁸
1345 1931 1500 1995 dicit
1542 1930 1876 1996 Christum
1916 1931 2171 1996 dedisse
2211 1932 2547 2013 Apostolis
2586 1942 2840 1996 tantum
2881 1952 2996 2014 po-

606 2045 904 2100 testatem
941 2036 1135 2111 illam,
1169 2034 1322 2116 quia
1357 2035 1466 2097 illa
1499 2044 1728 2109 aetate,
1763 2055 1891 2115 qua
1926 2035 2372 2099 scribebantur
2407 2034 2782 2117 Evangelia,
2815 2034 2997 2115 Apo-

607 2138 755 2203 stoli
794 2159 925 2201 non
962 2138 1358 2219 putabantur
1398 2137 1678 2202 habituri
1721 2157 2145 2213 successores,
2186 2138 2338 2220 quia
2379 2138 2701 2214 Dominus
2741 2138 2997 2220 praedi-

605 2250 793 2304 xerat
868 2241 1040 2304 diem
1115 2240 1344 2321 judicii
1417 2251 1765 2304 venturum
1844 2261 1985 2305 esse
2060 2251 2407 2323 antequam
2481 2241 2591 2304 illa
2663 2240 2996 2322 generatio

605 2343 1004 2426 praeteriret.

689 2466 884 2545 Resp.
927 2463 999 2544 1)
1047 2463 1286 2545 Quoad
1322 2463 1480 2527 illud
1518 2462 1599 2528 de
1635 2462 1740 2527 die
1776 2462 2025 2544 judicii,
2064 2484 2178 2528 seu
2216 2462 2297 2527 de
2333 2464 2673 2539 Parousia,
2711 2462 2835 2527 cfr.
2877 2464 2993 2527 Dr.

605 2568 957 2633 Shanahan
995 2568 1063 2630 in
1098 2567 1282 2631 “The
1321 2566 1612 2631 Catholic
1647 2565 1945 2641 World”,
1981 2566 2309 2631 mensibus
2344 2567 2511 2648 Jan.,
2551 2567 2760 2642 Febr„
2802 2567 2993 2641 Mar„

605 2692 664 2735 a.
711 2675 890 2734 1918.
977 2671 1171 2735 Nunc
1211 2671 1411 2734 ullam
1453 2690 1583 2733 non
1625 2669 1895 2734 instituo
1936 2669 2378 2750 quaestionem
2420 2670 2541 2734 hac
2586 2671 2666 2733 de
2710 2690 2799 2744 re,
2844 2669 2996 2751 quia

605 2795 822 2838 meum
849 2773 1178 2856 objectum
1204 2794 1335 2836 non
1363 2772 1805 2853 attingit—2)
1845 2772 2043 2854 Quod
2072 2782 2290 2836 autem
2320 2773 2619 2854 Apostoli
2649 2794 2783 2836 non
2809 2782 2997 2854 puta-

607 2887 833 2941 rentur
873 2876 1154 2940 habituri
1198 2895 1621 2950 successoreS,
1663 2875 1969 2940 historice
2017 2874 2257 2939 falsum
2300 2884 2417 2939 est.
2507 2875 2681 2939 Nam
2724 2874 2996 2938 historia

607 2981 794 3044 docet
830 2978 1184 3061 Apostolos
1221 2999 1353 3042 non
1389 2988 1643 3042 tantum
1680 2987 1943 3061 putatos
1985 2977 2191 3042 fuisse
2231 2998 2633 3043 successores
2674 2977 2997 3053 habuisse,

609 3082 722 3147 sed
760 3083 840 3146 de
885 3082 1062 3147 facto
1099 3082 1453 3163 Apostolos
1489 3080 1847 3145 instituisse
1887 3100 2309 3155 successores,
2352 3081 2549 3144 immo
2589 3082 2691 3145 his
2729 3081 2996 3143 manda-

607 3194 746 3249 tum
784 3184 1039 3250 dedisse
1074 3194 1148 3248 ut
1185 3205 1412 3249 rursus
1449 3183 1610 3248 alios
1651 3204 2055 3248 successores
2094 3183 2549 3247 instituerent⁴.
2635 3182 2800 3247 Cum
2840 3204 2998 3265 ergo

613 3286 780 3352 falsa
818 3288 903 3351 sit
941 3288 1109 3351 ratio
1148 3288 1320 3351 Dris.
1362 3287 1516 3362 Lea,
1555 3286 1714 3349 nihil
1752 3287 2029 3369 probare
2068 3296 2281 3367 potest
2319 3286 2616 3366 ejusdem
2654 3306 2996 3368 argumen-

607 3390 766 3454 tatio
807 3400 1032 3453 contra
1071 3392 1333 3453 nostrae
1373 3389 1712 3471 potestatis
1751 3388 2328 3453 transmissionem.

694 3516 888 3580 Prob.
948 3516 1077 3597 (B)
1142 3516 1389 3581 Tradit.
1452 3515 1562 3596 (a)
1620 3515 1690 3580 S.
1744 3502 2046 3580 Clemens
2093 3516 2430 3580 Romanus
2483 3515 2709 3580 statuit
2758 3516 2827 3578 in
2879 3536 2996 3580 sua

610 3616 791 3699 epist.
827 3620 910 3682 ad
947 3619 1095 3684 Cor.
1131 3620 1468 3700 episcopos
1503 3629 1566 3682 et
1601 3619 1969 3683 sacerdotes
2004 3619 2217 3682 locum
2252 3628 2472 3682 tenere
2508 3618 2996 3701 Apostolorum,

608 3721 900 3802 ideoque,
946 3721 1138 3803 juxta
1181 3722 1414 3803 ipsum,
1458 3722 1630 3785 idem
1673 3721 2105 3785 ministerium
2150 3731 2548 3803 receperunt.
2639 3720 2771 3786 Sed
2816 3722 2996 3803 Apo-

608 3822 754 3886 stoli
798 3834 1060 3905 peccata
1102 3824 1467 3888 dimittendi
1510 3834 1896 3907 potestatem
1943 3834 2357 3905 receperunt;
2401 3845 2576 3905 ergo,

692 3944 884 4009 Prob.
927 3944 1084 4026 maj.
1127 3966 1213 4009 ex
1255 3943 1322 4009 S.
1370 3943 1720 4019 Clemente,
1763 3945 1872 4025 qui
1914 3944 2040 4008 ait:
2125 3943 2467 4025 “Apostoli
2511 3942 2697 4007 nobis
2740 3942 2995 4025 praedi·

605 4058 857 4113 catores
891 4047 1227 4128 Evangelii
1265 4047 1423 4111 facti
1459 4056 1610 4111 sunt
1643 4067 1682 4110 a
1717 4047 2002 4111 Domino
2034 4047 2193 4128 Jesu
2230 4045 2511 4122 Christo,
2544 4046 2735 4127 Jesus
2774 4045 2995 4109 Chris-

607 4158 712 4214 tus
787 4150 1025 4214 missus
1099 4160 1200 4214 est
1272 4170 1312 4213 a
1386 4150 1528 4213 Deo
1574 4199 1587 4213 .
1636 4199 1649 4213 .
1699 4198 1712 4212 .
1770 4148 2107 4231 (Apostoli
2182 4147 2436 4228 autem)
2521 4148 2995 4213 constituerunt

607 4252 944 4335 episcopos
996 4262 1060 4316 et
1112 4252 1418 4316 diaconos
1465 4302 1478 4316 .
1527 4301 1541 4316 .
1589 4302 1603 4317 .
1648 4273 1724 4316 ac
1777 4251 2079 4333 deinceps
2130 4251 2605 4315 ordinationem
2657 4251 2993 4326 dederunt,

607 4363 699 4429 ut,
755 4376 906 4419 cum
963 4354 1054 4417 illi
1115 4355 1559 4430 decessissent,
1617 4354 2050 4419 ministerium
2107 4374 2332 4418 eorum
2390 4352 2498 4416 alii
2558 4353 2683 4417 viri
2741 4354 2997 4435 excipe-

691 4540 922 4595 ²Prael.
967 4542 1188 4607 Dogm.,
1229 4543 1338 4597 vol.
1383 4542 1437 4595 V
1443 4542 1516 4606 II,
1563 4542 1626 4596 P.
1671 4541 1745 4606 11,
1790 4560 1914 4608 pag.
1961 4543 2008 4596 7.

689 4624 789 4680 ³A
832 4626 1072 4691 History
1111 4627 1176 4681 of
1215 4627 1520 4680 Auricular
1563 4627 1922 4692 Confession,
1965 4628 2075 4682 vol.
2120 4629 2164 4692 1,
2206 4644 2330 4693 pag.
2378 4628 2487 4680 108.

690 4709 861 4764 4Cfr.
908 4710 1104 4775 Pesch,
1149 4712 1330 4765 Prael.
1377 4712 1597 4777 Dogm„
1639 4713 1749 4766 vol.
1794 4711 1929 4776 VII,
1974 4713 2037 4766 P.
2084 4711 2158 4776 ΙΙ,
2199 4730 2325 4778 pag.
2369 4713 2416 4777 7,
2459 4712 2518 4766 in
2561 4721 2710 4767 nota.
