3509 5267
540 512 665 575 110
840 511 941 573 De
980 509 1277 574 Clavium
1312 510 1667 574 Potestatis
1700 510 2071 574 Existentia
2105 511 2323 590 Atque
2360 511 2639 586 Natura.

632 693 747 774 (h)
812 694 883 758 S.
938 695 1225 758 Ioannes
1282 693 1336 757 C
1337 694 1787 776 hrysostomus
1844 702 2058 774 stupet
2116 713 2310 774 super
2365 693 2532 757 hanc
2588 695 2934 759 caelestem

534 807 920 878 potestatem
992 796 1404 877 judiciariam
1476 796 1917 859 sacerdotibus
1990 795 2418 876 impertitam:
2515 795 2932 862 “Sacerdotis

536 900 769 964 solium
812 900 880 961 in
920 899 1113 963 caelis
1156 899 1538 962 collocatum
1580 909 1699 973 est,
1742 909 1808 962 et
1850 899 2149 962 caelestia
2195 899 2691 962 administrandi
2736 900 2930 963 habet

537 1012 941 1083 potestatem.
1036 1000 1206 1083 Quis
1260 1001 1417 1066 haec
1470 1000 1669 1064 dicit?
1767 1000 1914 1082 Ipse
1967 1001 2295 1065 caelorum
2352 1021 2503 1064 rex:
2565 1001 2933 1078 Quaecum-

535 1125 656 1184 que
700 1105 872 1167 enim
916 1104 1270 1185 liyaveritis
1316 1153 1329 1166 .
1378 1154 1391 1168 .
1440 1155 1453 1168 .
1539 1104 1602 1166 A
1645 1114 1820 1167 terra
1861 1104 2202 1186 judicandi
2240 1105 2662 1185 principalem
2706 1116 2926 1169 aucto-

536 1206 792 1269 ritatem
845 1207 1041 1270 sumit
1088 1207 1356 1271 caelum.
1454 1207 1627 1270 Nam
1676 1207 1887 1289 judex
1947 1206 2322 1287 (sacerdos)
2384 1208 2563 1272 sedet
2614 1208 2682 1270 in
2732 1217 2930 1282 terra,

533 1309 853 1373 Dominus
900 1309 1190 1390 sequitur
1232 1330 1512 1384 servum,
1557 1320 1620 1373 et
1662 1310 1980 1391 quidquid
2024 1310 2128 1373 hic
2173 1309 2240 1372 in
2283 1309 2707 1375 inferioribus
2751 1310 2929 1391 judi-

531 1413 792 1486 caverit,
841 1412 962 1475 hoc
1010 1412 1077 1474 in
1126 1412 1444 1493 supremis
1491 1412 2418 1493 comprobat”¹⁰⁰.—Eamdem
2467 1412 2724 1494 profert
2775 1413 2928 1475 doc—

532 1515 771 1577 trinam
820 1513 886 1578 S.
935 1516 1182 1578 Doctor
1227 1515 1294 1577 in
1341 1535 1461 1578 suo
1508 1534 1702 1596 opere
1745 1517 1847 1579 De
1895 1514 2298 1591 sacerdotio,
2347 1515 2452 1579 lib.
2503 1519 2574 1578 3:
2665 1514 2928 1595 “Quae-

532 1637 805 1698 cumque
860 1617 1117 1681 inferne
1172 1618 1539 1682 sacerdotes
1598 1617 1869 1692 faciunt,
1924 1619 2150 1681 eadem
2205 1619 2383 1681 Deus
2441 1638 2718 1699 superne
2772 1636 2926 1681 con-

530 1719 766 1793 firmat,
810 1740 1273 1800 servorumque
1318 1720 1721 1794 sententiam,
1767 1721 1904 1801 ipse
1950 1720 2271 1785 Dominus
2319 1731 2526 1784 ratam
2577 1721 2736 1784 facit
2782 1770 2795 1784 .
2845 1770 2858 1784 .
2907 1771 2921 1784 .

532 1821 748 1886 Omne
800 1822 1121 1902 judicium
1174 1822 1352 1886 dedit
1408 1823 1605 1886 Pater
1660 1823 1848 1898 Filio,
1903 1824 2221 1904 videoque
2277 1824 2493 1904 ipsum
2551 1845 2739 1887 omne
2797 1822 2925 1886 illis

542 1924 1055 2004 (sacerdotibus)
1105 1925 1421 1991 traditum
1463 1947 1502 1988 a
1548 1926 1714 1990 Filio
1755 1925 2042 1990 esse”¹⁰⁷.

624 2033 717 2114 (i)
778 2033 849 2098 S.
902 2034 1349 2118 Hieronymus
1401 2034 1705 2098 abhorret
1758 2035 2112 2116 quidquam
2167 2036 2411 2099 sinistri
2467 2037 2547 2100 de
2602 2035 2941 2117 episcopis.

529 2137 761 2211 dicere,
805 2157 956 2200 nam
1002 2136 1254 2201 “claves
1300 2139 1482 2219 regni
1526 2139 1853 2203 caelorum
1896 2139 2204 2202 habentes
2247 2139 2728 2220 quodammodo
2771 2147 2924 2201 ante

529 2239 701 2303 diem
743 2239 969 2320 judicii
1014 2240 1453 2320 judicant”¹⁰⁸.

622 2349 723 2430 (j)
780 2349 1091 2414 Similiter
1135 2371 1203 2414 se
1247 2351 1567 2431 expressit
1608 2350 1679 2414 S.
1729 2350 2083 2431 Gregorius
2126 2351 2414 2431 Maynus
2459 2352 2539 2414 de
2583 2350 2922 2431 Apostolis

526 2462 590 2514 et
639 2453 992 2534 episcopis:
1087 2452 1576 2534 “Principatum
1626 2453 1889 2535 superni
1943 2452 2170 2534 judicii
2223 2453 2602 2529 sortiuntur,
2654 2463 2728 2516 ut
2777 2453 2919 2517 vice

526 2555 648 2617 Dei
689 2555 1074 2636 quibusdam
1112 2565 1374 2637 peccata
1416 2555 1754 2630 retineant,
1797 2555 2184 2636 quibusdam
2228 2556 2522 2618 relaxent
2566 2605 2580 2619 .
2629 2605 2643 2618 .
2691 2605 2704 2619 .
2749 2555 2919 2618 Ecce

524 2658 635 2739 qui
690 2658 1054 2722 districtum
1108 2658 1230 2720 Dei
1284 2657 1601 2738 judicium
1652 2667 1971 2732 metuunt,
2025 2658 2390 2721 animarum
2444 2658 2696 2739 judices
2751 2657 2920 2721 fiunt

522 2770 586 2823 et
642 2760 803 2824 alios
862 2761 1172 2823 damnant
1230 2761 1332 2824 vel
1390 2760 1664 2823 liberant
1710 2810 1748 2838 .,
1774 2810 1788 2823 .
1837 2810 1850 2823 .
1913 2760 2195 2824 Grandis
2255 2761 2483 2836 honor,
2544 2762 2657 2824 sed
2716 2780 2918 2842 grave

522 2864 780 2943 pondus
825 2913 839 2927 .
888 2913 902 2926 .
951 2913 964 2926 .
1012 2884 1241 2926 causae
1288 2883 1443 2944 ergo
1487 2864 1858 2944 pensandae
1903 2873 2076 2938 sunt,
2123 2873 2186 2927 et
2233 2872 2384 2927 tunc
2433 2863 2678 2945 liyandi
2720 2872 2915 2943 atque

521 2966 818 3029 solvendi
867 2975 1157 3047 potestas
1209 2968 1587 3030 exercenda.
1688 2966 2063 3030 Videndum
2117 2977 2216 3031 est
2269 2987 2435 3048 quae
2488 2967 2676 3046 culpa
2729 2986 2919 3046 prae—

522 3068 733 3142 cessit,
774 3079 886 3132 aut
927 3089 1091 3149 quae
1132 3069 1215 3133 sit
1254 3069 1651 3151 poenitentia
1693 3079 1912 3133 secuta
1953 3080 2100 3151 post
2141 3069 2418 3151 culpam,
2459 3079 2531 3132 ut
2572 3089 2734 3148 quos
2776 3089 2914 3132 om-

520 3170 819 3251 nipotens
868 3172 1048 3234 Deus
1097 3192 1213 3252 per
1260 3172 1776 3253 compunctionis
1826 3173 2102 3253 gratiam
2150 3172 2390 3247 visitat,
2439 3172 2583 3236 illos
2631 3171 2915 3252 pastoris

520 3273 838 3336 sententia
874 3274 1310 3338 absolvat”¹⁰⁹.
1546 3361 1550 3365 Ι

614 3384 727 3465 (k)
792 3385 1239 3449 Theodoretus
1287 3385 1411 3448 ait:
1506 3384 1733 3449 “Sicut
1785 3386 2086 3448 sacerdos
2138 3385 2383 3466 lepram
2433 3385 2769 3466 dijudicat,
2821 3384 2914 3446 ita

519 3497 773 3568 oportet
823 3487 1036 3569 ipsum
1082 3498 1147 3551 et
1195 3487 1481 3568 judicem
1529 3508 1672 3551 esse
1719 3497 2133 3569 peccatorum
2183 3486 2477 3551 animae”
2538 3486 2657 3568 (Q.
2715 3490 2789 3548 15
2843 3487 2912 3548 in

518 3589 768 3669 Exod.)
786 3639 798 3652 .

612 3699 723 3780 (1)
796 3699 961 3763 Cum
1021 3699 1324 3763 Patribus
1384 3677 1557 3763 idem
1616 3701 1902 3764 sentiunt
1959 3698 2363 3776 Scholastici,
2421 3697 2718 3779 quamvis
2778 3717 2910 3762 non

515 3802 863 3883 loquantur
900 3803 1023 3866 nisi
1065 3803 1440 3877 incidenter,
1480 3813 1552 3866 ut
1592 3803 1682 3866 ita
1723 3803 1953 3866 dicam.

603 3913 723 3987 Ita,
770 3934 831 3976 v.
879 3933 960 3993 g.,
1006 3913 1245 3977 Petrus
1291 3913 1703 3977 Lombardus
1748 3913 2054 3994 supponit
2101 3921 2432 3992 tamquam
2480 3911 2562 3974 ab
2609 3910 2912 3974 omnibus

514 4015 871 4078 admissum
908 4017 1308 4079 sacerdotem
1345 4015 1631 4096 judicem
1667 4035 1828 4091 esse,
1866 4026 1929 4079 et
1964 4015 2170 4096 magis
2203 4015 2338 4096 agit
2374 4016 2454 4078 de
2489 4012 2911 4094 qualitatibus

515 4116 892 4197 hujusmodi
959 4118 1216 4197 judicis,
1282 4119 1392 4181 ubi
1457 4119 1743 4199 quaerit:
1858 4117 2130 4198 “Qualis
2198 4137 2339 4181 esse
2407 4116 2636 4179 debeat
2700 4115 2912 4197 judex

512 4219 1021 4283 ecclesiasticus”
1066 4220 1281 4301 (Sent.
1319 4221 1436 4297 IV,
1471 4221 1617 4307 dist.
1656 4220 1772 4300 19)
1801 4241 1818 4296 ;
1851 4232 1914 4285 et
1945 4242 2062 4302 per
2097 4220 2162 4284 S.
2197 4219 2640 4300 Augustinum
2672 4217 2904 4299 probat

514 4323 689 4402 quod
742 4322 1011 4386 “debeat
1060 4344 1200 4387 esse
1252 4325 1575 4399 sacerdOS,
1626 4324 1736 4406 qui
1788 4324 1950 4387 alios
2003 4323 2158 4405 ligat
2209 4333 2273 4386 et
2325 4322 2536 4396 solvit,
2588 4321 2910 4384 discretus

512 4445 621 4499 sc.,
661 4435 725 4488 et
766 4424 1043 4505 justus”.

594 4607 683 4646 1⁰⁶
700 4609 780 4664 M.
823 4610 887 4664 P.
927 4609 1007 4674 56,
1053 4611 1163 4663 130.
1698 4609 1786 4648 108
1807 4610 2005 4676 Rouet,
2049 4627 2101 4664 n.
2148 4609 2292 4663 1345.

592 4682 676 4721 1⁰⁷
698 4683 897 4750 Rouet,
930 4702 984 4739 n.
1021 4685 1165 4739 1119.
1699 4684 1944 4740 10⁹1bid.
1984 4703 2036 4740 n.
2076 4685 2225 4739 2235.
