3509 5267
495 541 581 604 84
800 541 901 603 De
940 539 995 604 C
995 505 1237 602 lavinm
1270 539 1625 604 Potestatis
1661 538 2031 602 Existentia
2065 539 2282 620 Atque
2319 540 2598 604 Natura.

500 721 741 804 ligandi
780 731 975 802 atque
1012 719 1302 784 solvendi
1341 719 1659 784 sententia
1694 729 1850 797 tam,
1874 719 2134 795 frivola,
2172 730 2244 784 ut
2283 720 2554 785 ridenda
2592 722 2891 816 videatur

499 825 717 907 potius
765 843 961 905 quam
1007 821 1384 886 refellenda.
1477 822 1720 886 Putant
1769 822 1941 886 enim
1988 833 2052 887 et
2099 823 2476 905 praedicant
2521 825 2891 890 sacerdotes

500 948 633 991 non
687 926 923 990 habere
975 934 1361 1007 potestatem
1416 924 1658 1006 ligandi
1714 935 1910 1007 atque
1966 925 2278 1002 solvendi,
2336 927 2450 991 sed
2505 929 2889 993 ostendendi

499 1029 793 1093 homines
836 1048 978 1092 esse
1018 1028 1266 1093 solutos
1309 1027 1411 1092 vel
1454 1027 1705 1110 ligatos.
1797 1027 1928 1093 Sed
1971 1028 2288 1112 numquid
2333 1030 2655 1096 Dominus
2700 1031 2889 1096 dicit:

500 1129 975 1214 Quodcumque
1034 1131 1304 1212 ligatum
1362 1131 1725 1195 ostenderis
1783 1131 1906 1195 erit
1967 1130 2256 1212 ligatum,
2316 1142 2381 1197 et
2440 1133 2891 1216 quodcumque

486 1235 783 1312 ,solutum
826 1233 1187 1298 ostenderis
1228 1233 1351 1297 erit
1393 1232 1722 1298 solutum?
1807 1233 2049 1298 Dicunt
2091 1235 2481 1317 apostolicos
2523 1234 2701 1301 viros
2743 1256 2890 1319 pec-

498 1346 644 1400 cata
691 1336 1057 1400 dimittendi
1108 1337 1211 1400 vel
1262 1336 1579 1400 retinendi
1630 1345 2018 1419 potestatem
2066 1357 2199 1401 non
2248 1338 2506 1414 habere,
2555 1359 2704 1403 cum
2757 1340 2890 1403 Do-

498 1439 714 1503 minus
753 1439 877 1504 hoc
914 1439 1104 1504 dicat.
1188 1439 1432 1504 Dicunt
1470 1459 1583 1504 eos
1622 1440 2076 1505 tantummodo
2116 1451 2502 1522 potestatem
2542 1450 2891 1524 utrumque

498 1541 901 1616 ostendendi,
946 1563 1094 1606 cum
1141 1542 1461 1607 Dominus
1506 1543 1627 1607 hoc
1669 1563 1804 1607 non
1850 1543 2056 1607 dicat:
2143 1542 2446 1625 Quorum
2494 1543 2891 1620 remiseritis„

500 1643 729 1726 inquit,
781 1654 1062 1726 peccata,
1116 1665 1250 1710 non
1300 1665 1579 1728 quorum
1633 1646 2067 1722 ostenderitiS,
2124 1648 2542 1711 remittuntur
2595 1646 2806 1712 eis”⁶‘'.

582 1753 767 1818 Haec
804 1763 1140 1836 praeterea
1180 1754 1499 1820 sententia
1534 1749 1892 1838 numquam
1929 1756 2310 1838 praevaluit.
2398 1757 2598 1822 Pauci
2635 1766 2890 1821 tantum

500 1877 642 1920 eam
688 1856 1155 1932 sustinuerunt,
1200 1857 1373 1938 iique
1418 1857 1633 1922 obruti
1680 1867 1831 1922 sunt
1877 1859 2261 1923 auctoritate
2307 1859 2602 1942 Angelici
2651 1860 2890 1923 Docto-

500 1958 591 2022 ris
633 1979 885 2027 necnon
933 1959 1201 2024 Subtilis
1247 1960 1572 2037 Doctori5‚
1618 1960 1729 2042 qui
1773 1981 1922 2025 cum
1968 1961 2102 2026 suis
2151 1961 2387 2026 scholis
2430 1962 2764 2044 antiquam
2809 1961 2890 2025 de

499 2081 656 2126 vera
708 2062 953 2144 peccati
1010 2062 1388 2128 remissione
1444 2063 1892 2129 sustinuerunt
1948 2064 2312 2129 doctrinam
2365 2075 2593 2130 contra
2647 2084 2890 2147 paucos

500 2163 644 2228 illos
686 2164 797 2246 qui
841 2185 985 2228 eam
1026 2165 1505 2231 obnubilabant.

1668 2335 1757 2400 II.

581 2471 889 2536 Intimius
950 2471 1295 2536 discutitur
1358 2469 1575 2553 opinio
1641 2473 1721 2535 de
1788 2471 2174 2549 ostensione,
2238 2480 2304 2536 et
2365 2472 2445 2536 de
2508 2470 2890 2536 remissione

496 2584 761 2656 poenae.

583 2681 843 2765 Operae
887 2681 1168 2764 pretium
1213 2692 1311 2745 est
1356 2679 1746 2762 investigare
1792 2682 1873 2745 de
1916 2701 2198 2763 quanam
2243 2680 2532 2763 praecise
2577 2681 2890 2762 agebatur

497 2785 833 2867 questione
876 2784 1046 2848 inter
1093 2783 1546 2859 ScholasticoS,
1588 2784 1854 2865 quando
1900 2783 2191 2848 nonnulli
2241 2783 2562 2865 negabant
2605 2793 2888 2865 potesta-

496 2897 631 2952 tem
680 2887 960 2952 clavium
1009 2897 1345 2969 peccatum
1396 2886 1727 2950 dimittere·
1772 2886 1875 2950 vel
1927 2887 2178 2950 solvere
2228 2906 2441 2968 posse,
2494 2897 2558 2950 et
2609 2886 2888 2949 affirma-

496 2991 653 3055 bant
697 2989 1075 3072 hujusmodi
1122 2998 1509 3072 potestatem
1553 2988 2007 3053 tantummodo
2053 2988 2394 3053 ostendere
2443 2988 2888 3052 remissionem

497 3094 600 3157 vel
654 3093 1042 3158 solutionem
1091 3093 1357 3174 peccati.
1456 3092 1608 3156 Hoc
1644 3112 1854 3157 nosse
1908 3091 2098 3155 valde
2151 3091 2587 3156 necessarium
2641 3099 2760 3166 est,
2813 3100 2888 3170 ut

497 3196 891 3279 percipiatur
944 3195 1289 3260 discrimen
1345 3194 1781 3260 Scholasticos
1835 3194 1978 3259 illos
2032 3193 2200 3258 inter
2254 3205 2319 3258 et
2373 3194 2888 3269 ReformatoreS,

498 3300 578 3363 de
619 3299 851 3380 quibus
893 3299 960 3361 in
1003 3299 1039 3378 ἕ
1083 3298 1394 3380 sequenti.

581 3410 761 3473 Inter
793 3408 1225 3473 Scholasticos
1255 3407 1549 3490 quaestio
1576 3406 1747 3471 circa
1773 3415 2163 3490 potestatem
2193 3405 2493 3480 clavium,
2528 3405 2889 3486 specialiter

496 3513 758 3593 quando
811 3511 1027 3592 agitur
1081 3511 1161 3574 de
1218 3509 1597 3574 remissione
1654 3511 1899 3590 culpae,
1960 3507 2234 3589 spectari
2289 3516 2504 3589 potest
2556 3516 2887 3587 tamquam

499 3614 913 3679 corollarium
977 3611 1374 3696 quaestionis
1446 3612 1527 3676 de
1595 3611 2127 3693 diss-positionibus
2193 3610 2477 3692 subjecti
2485 3633 2506 3674 .·
2598 3609 2888 3672 Debetne

496 3717 833 3800 poenitens
870 3726 1016 3781 ante
1054 3715 1532 3782 confessionem
1573 3715 1791 3779 facere
1825 3723 2041 3778 actum
2077 3713 2484 3778 contritionis
2521 3732 2633 3777 seu
2671 3721 2888 3776 actum

498 3821 742 3885 doloris
811 3820 1075 3884 caritate
1142 3818 1440 3900 perfecti,
1505 3839 1590 3882 an
1658 3817 1892 3882 sufficit
1960 3817 2227 3899 quilibet
2295 3816 2500 3890 dolor,
2568 3813 2888 3896 quaelibet

496 3923 740 4006 peccati
775 3922 1137 3997 detestatio,
1170 3921 1524 3986 dummodo
1556 3930 1741 3985 actus
1775 3921 1879 3984 ille
1911 3919 1997 3984 sit
2029 3917 2583 4002 supernaturalis?
2662 3916 2888 3997 Major

501 4025 1047 4091 Scholasticorum
1075 4045 1248 4107 parS,
1279 4023 1642 4106 specialiter
1668 4033 1817 4106 post
1851 4022 1916 4087 S.
1949 4023 2272 4085 Thomam
2303 4031 2367 4085 et
2397 4020 2560 4083 Ven.
2599 4019 2886 4092 Scotum,

498 4129 797 4210 exigebat
850 4127 1200 4209 quamlibet
1253 4126 1768 4201 detestationem,
1822 4124 2381 4207 supernaturalem
2435 4121 2716 4204 quidem,
2773 4121 2888 4184 sed

499 4252 631 4294 non
684 4231 953 4295 caritate
1010 4230 1453 4294 informatam.
1556 4229 1657 4293 Illi
1713 4213 1902 4311 pauci
1963 4226 2366 4301 scholastici,
2425 4224 2791 4288 Richardus
2847 4242 2886 4285 a

502 4334 568 4399 S.
639 4333 926 4409 Victore,
1000 4333 1233 4397 Petrus
1306 4331 1737 4406 LombarduS,
1808 4330 2066 4413 aliique,
2136 4329 2482 4410 exigebant
2551 4326 2887 4390 caritatem

497 4436 718 4502 stricte
756 4436 1030 4511 dictam3
1069 4435 1362 4519 ideoque,
1397 4455 1548 4500 cum
1586 4443 1850 4516 peccata
1889 4432 2028 4514 jam
2067 4431 2276 4496 deleta
2316 4439 2529 4494 essen't
2569 4449 2688 4511 per
2724 4426 2887 4492 cari-

496 4547 715 4616 tatem,
762 4538 969 4621 logica
1015 4538 1395 4602 necessitate
1440 4536 1778 4619 compulsi,
1823 4545 2142 4599 venerunt
2186 4534 2272 4598 ad
2317 4533 2484 4596 hanc
2529 4530 2888 4596 conclusio-

578 4708 637 4746 57
656 4710 735 4764 Μ.
778 4710 841 4764 Ρ.
877 4710 957 4774 L.,
999 4709 1109 4774 196,
1152 4710 1294 4763 1168.
