3509 5267
552 503 677 566 108
852 503 955 564 De
992 500 1049 565 C
1048 499 1291 564 lovium
1324 499 1680 564 Potestatis
1714 499 2085 564 Existentia
2119 500 2336 580 Atque
2373 499 2652 565 Natura.

549 685 746 749 modo
791 683 1071 748 ministri
1118 683 1362 748 Christi
1420 682 1489 764 (1
1540 682 1688 748 Cor.
1738 687 1798 757 4,
1851 682 1954 763 1),
1999 683 2400 765 proindeque
2446 703 2592 748 eam
2637 683 2942 749 exercere

548 787 866 852 debebant
903 787 1277 869 prudenter,
1317 786 1357 850 i.
1398 807 1476 860 e.‚
1516 785 1811 868 judicare
1853 785 2169 850 debebant
2209 786 2472 867 quando
2513 786 2772 868 liganda
2813 788 2942 853 sint

548 900 831 972 peccata,
887 889 1149 971 quando
1204 909 1363 952 vero
1421 888 1747 953 solvenda.
1853 888 2138 970 Ideoque
2194 889 2378 971 prius
2435 889 2773 955 instituere
2832 891 2941 955 de-

547 992 783 1056 bebant
826 1013 1111 1067 causam,
1158 1011 1271 1055 seu
1318 991 1643 1073 inquirere
1692 991 2008 1056 debebant
2055 1012 2400 1056 numerum
2445 1003 2509 1057 et
2555 993 2940 1075 gravitatem

547 1104 981 1175 peccatorum,
1023 1114 1142 1158 nec
1181 1114 1313 1158 non
1358 1094 1814 1176 dispositiones
1855 1094 2265 1176 poenitentis,
2307 1095 2393 1159 ad
2435 1095 2560 1160 hoc
2600 1105 2673 1160 ut
2713 1106 2941 1178 postea

547 1195 793 1278 justam
856 1196 1033 1260 ferre
1096 1197 1481 1260 sententiam
1544 1206 1809 1281 possent
1871 1197 2295 1261 absolutionis
2358 1197 2461 1261 vel
2527 1197 2940 1274 retentionis;

548 1319 733 1363 secus
788 1298 1179 1380 injustitiam
1234 1299 1703 1374 commiterent,
1761 1299 1915 1381 quia
1968 1300 2071 1363 vel
2130 1299 2468 1381 indignum
2525 1301 2941 1365 admitterent

546 1401 650 1465 vel
695 1401 964 1482 dignum
1010 1401 1409 1483 repellerent.
1499 1401 1679 1484 Ergo
1723 1402 2046 1484 Apostoli,
2093 1403 2148 1467 si
2196 1402 2389 1483 digne
2433 1402 2714 1468 clavium
2759 1412 2939 1484 pote-

548 1513 781 1568 statem
830 1524 1132 1569 exercere
1181 1504 1547 1582 voluerunt,
1596 1505 1992 1587 judicialiter
2038 1505 2388 1587 procedere
2442 1505 2821 1581 debuerunt,
2871 1505 2938 1568 vi

544 1605 861 1687 compulsi
904 1606 1107 1687 ipsius
1154 1607 1484 1672 facultatis
1525 1627 1888 1672 concessae.

641 1748 754 1829 (b)
796 1749 868 1814 S.
902 1751 1151 1814 Paulus
1187 1750 1253 1813 in
1291 1750 1704 1814 damnatione
1740 1750 2088 1815 incestuosi
2136 1750 2205 1832 (Ι
2245 1751 2394 1816 Cor.
2433 1731 2493 1826 5,
2532 1755 2570 1814 3
2608 1751 2740 1833 sq.)
2786 1771 2938 1833 pro-

542 1851 713 1915 cedit
748 1844 1173 1933 judicialiter:
1214 1852 1782 1934 “judicavi”,—ait
1817 1853 2473 1935 Apostolus,-“eum
2508 1854 2619 1936 qui
2657 1855 2750 1919 sic
2784 1873 2938 1936 ope-

548 1964 727 2019 ratus
776 1954 934 2018 est'’.
1025 1954 1112 2018 Et
1158 1965 1503 2038 postquam
1551 1956 1716 2020 vidit
1766 1956 2282 2020 emendationem
2334 1956 2692 2038 peccatoris
2743 1955 2933 2032 illius,

545 2070 610 2125 et
658 2081 790 2124 non
838 2060 1040 2143 prius,
1090 2080 1239 2125 eum
1291 2060 1571 2124 restituit
1620 2059 1948 2123 Ecclesiae
2000 2059 2231 2124 unitati
2295 2058 2402 2140 (11
2456 2059 2606 2124 Cor.
2661 2063 2720 2134 5,
2773 2057 2934 2140 sq.).

548 2163 775 2245 Itaque
838 2183 971 2226 non
1033 2183 1155 2245 pro
1220 2162 1447 2237 lubitu,
1514 2163 1629 2227 sed
1695 2162 2089 2242 judicialiter
2152 2161 2503 2244 procedere
2569 2162 2759 2226 debet
2823 2161 2935 2243 qui

543 2265 824 2330 clavium
857 2276 1175 2347 potestate
1209 2266 1467 2347 gaudet,
1504 2265 1778 2346 ideoque
1814 2265 2094 2329 clavium
2127 2273 2414 2346 potestas
2451 2264 2778 2346 judicialis
2815 2272 2934 2328 est.

638 2408 769 2490 (B)
816 2408 1209 2472 Traditione.
1242 2445 1328 2454 —
1368 2407 1479 2488 (a)
1518 2407 1591 2472 S.
1625 2407 2048 2490 Polycarpus,
2081 2406 2149 2470 in
2183 2428 2302 2471 sua
2335 2405 2519 2489 epist.
2555 2407 2642 2471 ad
2677 2406 2934 2489 Philip„

542 2532 681 2593 cap.
722 2515 780 2586 6,
811 2513 951 2576 vult
984 2521 1058 2576 ut
1094 2510 1489 2592 “presbyteri
1526 2510 1657 2574 sint
1704 2560 1717 2573 .
1767 2559 1780 2573 .
1829 2560 1844 2574 .
1880 2531 2010 2574 non
2045 2510 2259 2574 severi
2290 2510 2486 2574 nimis
2520 2509 2587 2573 in
2623 2509 2933 2592 judicio''.

543 2612 743 2695 Ergo,
777 2613 971 2695 juxta
1008 2613 1075 2678 S.
1114 2613 1566 2695 Polycarpum,
1606 2613 1974 2677 sacerdotes
2011 2612 2264 2695 judices
2301 2622 2474 2677 sunt.·
2555 2611 2686 2676 Sed
2725 2633 2935 2677 sacer-

542 2717 748 2793 doteS,
780 2736 909 2797 qua
942 2717 1328 2790 sacerdoteS,
1362 2716 1539 2780 aliud
1573 2737 1707 2780 non
1741 2726 2046 2780 exercent
2080 2715 2419 2798 judicium,
2454 2715 2578 2779 nisi
2615 2715 2934 2795 judicium

541 2819 716 2900 quod
764 2828 1104 2883 exercetur
1151 2839 1345 2900 super
1390 2829 1763 2900 peccatores
1810 2839 1928 2901 per
1975 2819 2256 2883 clavium
2304 2828 2726 2899 potestatem;
2777 2837 2933 2900 ergo

540 2922 821 2986 clavium
855 2931 1142 3003 potestas
1178 2932 1276 2985 est
1312 2932 1599 3003 potestas
1638 2921 1984 3002 judicialis.
2797 2915 2802 2918 ’

636 3063 748 3145 (b)
789 3064 1164 3128 Didascalia
1194 3064 1663 3144 Apostolorum
1697 3064 1783 3128 ad
1817 3064 2153 3145 episcopos
2190 3064 2406 3128 aiunt:
2486 3063 2807 3145 “Oportet
2833 3113 2846 3126 .
2875 3113 2888 3126 .
2915 3112 2930 3126 .

540 3167 845 3248 episcopi,
886 3166 1240 3231 secundum
1283 3166 1654 3248 Scripturas
1692 3187 1813 3232 vos
1850 3167 2143 3248 judicare
2185 3167 2595 3248 peccatores''
2648 3165 2825 3247 (Lib.
2871 3169 2930 3240 2,

539 3289 679 3350 cap.
725 3269 867 3347 15).
953 3267 1238 3350 Quando
1277 3270 1511 3350 aliquis
1550 3280 1851 3352 peccator
1893 3269 2142 3349 ejectus
2184 3279 2282 3333 est
2323 3279 2511 3333 extra
2553 3269 2929 3345 Ecclesiam,

540 3371 933 3452 praecipitur
982 3371 1133 3435 ibid.
1182 3372 1486 3455 episcopo
1531 3373 1876 3437 admittere
1925 3381 2348 3454 peccatorem,
2398 3373 2665 3453 praevio
2710 3382 2931 3435 tamen

538 3474 873 3537 examine:
967 3473 1133 3548 “Tu,
1181 3474 1500 3556 episcope,
1548 3475 1702 3556 jube
1751 3495 1901 3539 eum
1953 3475 2216 3550 intrare,
2267 3485 2331 3538 et
2380 3475 2676 3539 examine
2730 3474 2929 3548 fact0,

538 3600 625 3643 an
665 3579 1129 3661 poenitentiam
1174 3590 1324 3660 agat
1368 3600 1443 3642 ac
1488 3579 1722 3660 dignus
1767 3578 1870 3652 sit,
1914 3578 2024 3659 qui
2071 3577 2139 3641 in
2181 3577 2516 3641 ecclesiam
2562 3577 2928 3659 recipiatur,

539 3682 798 3762 impone
834 3683 892 3745 ei
933 3682 1071 3746 dies
1108 3681 1343 3764 jejunii
1382 3682 1736 3745 secundum
1776 3680 2080 3743 delictum
2120 3679 2308 3759 ejus''
2358 3679 2559 3760 (Ibid.
2599 3700 2737 3761 cap.
2783 3678 2926 3759 16).

540 3785 842 3848 Procedit
881 3805 1036 3866 ergo
1075 3783 1351 3865 juridice
1389 3785 1647 3865 praesul
1688 3785 1754 3846 in
1795 3782 2212 3846 admittendis
2251 3782 2732 3864 peccatoribus;
2772 3801 2928 3864 ergo

536 3887 816 3950 clavium
854 3897 1141 3969 potestas
1179 3897 1277 3950 est
1314 3887 1659 3968 judicialis.

631 4027 738 4109 (c)
807 4027 1126 4109 Origenes
1184 4027 1251 4092 S.
1312 4027 1499 4092 Pauli
1558 4028 1878 4091 actionem
1935 4037 2161 4091 contra
2220 4027 2658 4091 incestuosum
2716 4025 2928 4090 corin-

536 4130 745 4194 thium
782 4140 971 4194 vocat
1009 4130 1477 4194 “sententiam''
1525 4129 1811 4211 (Migne,
1851 4130 1924 4194 P.
1967 4130 2042 4195 G.
2085 4131 2159 4194 L.
2197 4140 2354 4193 tom.
2398 4133 2496 4204 12,
2535 4128 2654 4192 col.
2698 4126 2925 4207 1369).

538 4231 737 4313 Ergo,
787 4232 980 4314 juxta
1030 4232 1406 4314 Origenem,
1462 4232 1529 4297 S.
1584 4233 1828 4296 Paulus
1879 4233 2194 4314 processit
2246 4232 2543 4313 juridice.
2639 4230 2926 4312 Juridice

533 4335 780 4416 pariter
818 4335 1110 4416 procedit
1153 4335 1493 4417 episcopus
1534 4337 1797 4417 quando
1839 4336 1972 4416 agit
2016 4335 2096 4400 de
2140 4334 2454 4416 peccatis:
2544 4334 2650 4398 “N
2655 4333 2927 4408 os,——ait

535 4435 1247 4520 Origenes,--episcopi
1302 4438 1633 4519 arquentis
1684 4438 2085 4501 iracundiam
2143 4436 2321 4501 ferre
2373 4457 2507 4500 non
2558 4455 2926 4518 possumus,

536 4539 652 4603 sed
693 4538 1105 4620 indignanter
1148 4541 1520 4622 accipimuS,
1564 4542 1745 4605 illum
1796 4540 2108 4615 furorem,
2153 4540 2263 4621 qui
2313 4540 2434 4602 Dei
2483 4560 2623 4604 esse
2669 4539 2925 4614 dicitur,

532 4650 911 4722 arguentem
954 4662 1074 4705 nos
1116 4643 1445 4724 quomodo
1489 4641 1993 4707 tolerabimus”?
2046 4640 2286 4723 (Ibid.)
