3509 5267
536 511 661 574 100
838 510 939 574 De
977 508 1274 573 Cluvium
1307 508 1664 573 Potestatis
1696 475 2069 574 Existerztia
2102 509 2320 590 Atque
2355 509 2635 575 Natura.

622 692 930 775 Aliquam
999 700 1217 755 tamen
1283 700 1507 756 creant
1575 691 2019 756 difficultatem
2089 693 2248 757 haec
2317 692 2626 775 Origenis
2695 694 2928 759 verba:

536 795 819 859 “Nescio
855 793 1183 876 quomodo
1218 794 1511 859 nonnulli
1549 793 1668 859 sibi
1707 803 2088 877 arrogantes
2125 815 2221 871 ea,
2259 816 2425 878 quae
2463 797 2927 861 sacerdotalem

533 897 915 980 dignitatem
950 906 1279 978 superant,
1317 896 1599 962 fortasse
1633 917 1844 980 neque
1877 897 2183 964 callentes
2220 899 2685 964 sacerdotalem
2723 900 2926 964 scien-

533 1000 711 1075 tiam,
759 998 1140 1082 gloriantur,
1186 999 1372 1081 quasi
1418 999 1669 1082 possint
1716 999 1913 1065 etiam
1963 1000 2396 1064 idololatriam
2443 1001 2811 1066 condonare
2860 1012 2925 1066 et

533 1101 923 1166 adulterium
966 1112 1030 1166 et
1076 1101 1574 1166 fornicationem
1618 1102 1964 1178 dimittere,
2007 1102 2192 1185 quasi
2235 1124 2462 1186 preces
2503 1124 2626 1186 pro
2670 1104 2768 1180 iis,
2813 1103 2924 1186 qui

533 1207 690 1271 talia
718 1206 861 1270 ausi
898 1215 1069 1281 sunt,
1103 1205 1284 1269 luant
1318 1205 1513 1269 etiam
1560 1215 1825 1288 peccata
1858 1208 1944 1271 ad
1980 1207 2371 1272 mortem”⁸⁸.
2455 1207 2586 1272 Sed
2625 1207 2932 1289 Origines

535 1329 666 1373 non
714 1307 990 1373 intendit
1036 1308 1356 1390 denegare
1402 1306 1804 1372 sacerdotem
1850 1326 2042 1389 posse
2088 1305 2466 1387 hujusmodi
2515 1318 2778 1391 peccata
2827 1328 2927 1371 re-

534 1411 809 1475 mittere.
917 1410 1129 1476 Unice
1175 1410 1451 1474 intendit
1536 1410 1883 1473 retundere
1968 1409 2431 1473 nonnullorum
2516 1411 2926 1474 sacerdotum

534 1513 804 1578 nimiam
830 1513 1218 1596 facilitatem
1247 1513 1314 1576 in
1344 1513 1776 1577 condonando
1806 1511 2040 1577 delicta
2070 1511 2198 1576 illa.
2275 1511 2429 1575 Non
2461 1511 2634 1576 enim
2665 1513 2927 1594 exigere

534 1615 921 1681 videbantur
956 1615 1001 1678 ii
1041 1615 1409 1680 sacerdotes
1447 1615 1825 1679 canonicam
1863 1614 2362 1696 poenitentiam;
2401 1625 2466 1680 et
2503 1615 2662 1679 haec
2701 1616 2928 1696 praxis

536 1717 809 1800 Origeni
862 1737 995 1782 non
1049 1717 1310 1800 placuit,
1362 1717 1764 1800 proindeque
1819 1738 2043 1782 severe
2097 1739 2175 1782 ac
2227 1727 2617 1800 exaggerate
2673 1718 2928 1782 locutus

536 1830 651 1884 est.
739 1819 894 1884 Alio
938 1831 1155 1885 tamen
1203 1821 1269 1883 in
1314 1821 1457 1885 loco
1511 1820 1798 1902 (Migne,
1845 1821 1918 1885 P.
1969 1820 2046 1885 G.
2095 1821 2191 1896 L.,
2237 1830 2393 1885 tom.
2445 1823 2544 1896 11,
2589 1820 2707 1885 col.
2757 1819 2915 1898 987)

537 1922 763 1987 statuit
805 1923 1001 1987 etiam
1044 1923 1423 1988 libidinosos
1469 1923 1664 2005 recipi
1709 1943 1922 2005 posse,
1967 1923 2114 1987 licet
2161 1923 2444 1989 tardius:
2531 1922 2925 1988 “Christiani

535 2034 609 2088 ut
652 2025 941 2107 perditos
985 2035 1051 2089 et
1096 2026 1239 2090 Deo
1282 2035 1576 2090 mortuos
1622 2026 1845 2107 lugent
1889 2047 2021 2102 eoS,
2068 2026 2178 2108 qui
2228 2026 2490 2090 libidine
2536 2035 2648 2090 aut
2697 2025 2930 2106 quovis

536 2127 662 2190 alio
702 2127 966 2192 crimine
1004 2128 1237 2209 dejecti
1278 2138 1464 2204 sunt;
1502 2129 1766 2194 eosdem
1801 2150 1960 2194 vero
1995 2129 2180 2210 quasi
2221 2150 2261 2193 a
2297 2130 2573 2194 mortuis
2611 2128 2929 2193 excitatos

536 2230 800 2307 ducunt,
849 2230 904 2295 si
953 2251 1097 2294 eam
1145 2251 1403 2296 morum
1450 2232 1876 2295 mutationem
1928 2231 2222 2306 fecerint,
2272 2252 2438 2314 quae
2489 2231 2723 2295 rationi
2774 2252 2927 2296 con·
3003 2295 3011 2302 ,

535 2332 748 2407 venit3
796 2333 1046 2398 tardius
1092 2342 1306 2398 tamen
1354 2334 1787 2398 admittuntur
1833 2345 2030 2416 quam
2073 2334 2183 2416 qui
2231 2333 2446 2416 primo
2494 2333 2892 2416 recipiuntur
2909 2354 2930 2409 3

536 2443 599 2497 et
644 2434 796 2516 quia
838 2446 986 2516 post
1030 2446 1306 2500 mortem
1350 2437 1721 2518 professam
1770 2437 2144 2518 religionem
2191 2437 2354 2519 lapsi
2400 2446 2570 2512 sunt,
2618 2437 2702 2501 ob
2749 2437 2925 2501 omni

534 2536 804 2618 posthac
839 2537 1151 2619 dignitate
1185 2550 1249 2603 et
1280 2539 1698 2620 praefectura
1730 2540 1799 2603 in
1835 2541 2102 2604 ecclesia
2135 2539 2498 2604 arcentur”.
2581 2539 2733 2604 Non
2771 2559 2931 2620 ergo

537 2638 877 2720 “poenitus
923 2641 1400 2722 desperandum
1444 2652 1561 2707 est.
1652 2642 1968 2708 Possibile
2014 2663 2294 2724 namque
2341 2651 2459 2718 est,
2502 2652 2597 2718 ut,
2647 2642 2701 2706 si
2754 2642 2930 2706 forte

495 2811 503 2822 ‚
537 2741 889 2823 resipiscat,
920 2743 1029 2825 qui
1063 2743 1411 2808 devoratus
1442 2755 1558 2822 est,
1593 2766 1854 2810 rursum
1883 2746 2090 2828 possit
2121 2745 2334 2810 evomi
2369 2745 2533 2810 sicut
2565 2743 2883 2826 Jonas''⁸‘¹.

625 2853 697 2934 7)
751 2853 1127 2918 Didascalic-
1167 2853 1636 2935 Apostolorum
1680 2853 2092 2916 commendat
2135 2851 2438 2935 episcopo
2482 2863 2556 2915 ut
2600 2851 2930 2933 praedicet

440 2969 447 2975 ‘
535 2955 998 3039 poenitentiam
1040 2956 1474 3038 peccantibus,
1518 2965 1718 3037 utque
1763 2955 2030 3036 recipiat
2071 2955 2495 3036 poenitentes,
2539 2954 2930 3036 quicumque

537 3059 686 3134 sint,
756 3059 1111 3123 dummodo
1178 3077 1331 3122 vere
1397 3058 1725 3140 poeniteat
1795 3078 1941 3122 eos:
2055 3057 2396 3121 “Uniuscu
2397 3057 2633 3138 jusque
2704 3075 2929 3120 curam

536 3162 771 3226 habeto
822 3157 1183 3243 episcopm,
1235 3172 1300 3225 et
1350 3181 1577 3225 eorum
1628 3160 1737 3242 qui
1792 3181 1923 3224 non
1973 3170 2423 3242 peccaverunt,
2475 3171 2549 3223 ut
2602 3169 2925 3233 maneant,

538 3263 704 3328 sicut
751 3274 921 3338 sunt,
970 3264 1108 3328 sine
1155 3263 1470 3346 peccatis;
1521 3274 1585 3327 et
1631 3283 1879 3338 eorum,
1928 3263 2037 3344 qui
2085 3272 2535 3345 peccaverunt,
2584 3271 2656 3326 ut
2704 3262 2930 3345 poeni-

534 3366 803 3430 tentiam
862 3376 1077 3448 agant,
1136 3365 1342 3447 iisque
1399 3365 1850 3430 remissionem
1909 3374 2322 3447 peccatorum
2382 3366 2534 3429 dato
2580 3413 2594 3428 .
2643 3413 2656 3428 .
2706 3412 2720 3427 .
2823 3363 2930 3426 Tu

534 3488 711 3550 ergo,
768 3468 1086 3551 episcope,
1146 3468 1307 3532 doce
1364 3477 1429 3531 et
1485 3469 1737 3550 corrige
1797 3477 1862 3531 et
1922 3467 2099 3531 solve
2157 3488 2276 3549 per
2336 3467 2803 3541 remissionem,
2861 3475 2932 3528 et

534 3591 851 3652 cognosce
902 3572 1115 3634 locum
1169 3581 1355 3635 tuum
1408 3569 1593 3652 quasi
1648 3572 1862 3634 locum
1917 3570 2040 3633 Dei
2097 3568 2577 3652 omnipotentis,
2634 3577 2698 3632 et
2751 3567 2930 3649 quod

536 3673 841 3754 accepisti
874 3682 1260 3755 potestatem
1293 3673 1701 3749 remittendi,·
1735 3693 1888 3737 nam
1926 3672 2130 3747 vobiS,
2169 3671 2473 3754 episcopi,
2512 3671 2756 3735 dictum
2793 3678 2930 3734 est:

540 3774 1010 3857 Quodcumque
1059 3776 1412 3858 ligaveritis
1459 3825 1473 3840 .
1522 3825 1536 3840 .
1583 3826 1598 3840 .
1658 3775 1832 3858 (cap.
1885 3774 2028 3856 18).
2119 3774 2291 3838 “Via
2337 3784 2555 3838 autem
2601 3773 2780 3856 pacis
2827 3781 2932 3836 est

539 3877 840 3942 Salvator
873 3888 1114 3954 noster,
1146 3878 1256 3960 qui
1290 3889 1354 3943 et
1386 3879 1541 3942 dicit
1574 3879 1795 3942 nobis:
1873 3877 2216 3952 Dimittite,
2251 3887 2315 3942 et
2349 3877 2710 3940 dimittetur
2741 3874 2933 3940 vobis

547 3980 694 4061 (Lc.
733 3984 790 4057 6,
830 3981 975 4060 3¹7),
1012 3982 1135 4045 hoc
1168 3991 1286 4056 est,
1322 3982 1470 4046 date
1508 3981 1974 4056 remissionem,
2011 3991 2075 4044 et
2112 3980 2432 4062 recipietis
2478 4028 2492 4043 .
2541 4027 2555 4042 .
2602 4028 2618 4043 .
2661 3978 2730 4042 Si
2770 3997 2933 4059 ergo

534 4103 667 4147 non
717 4083 1041 4148 remiseris
1086 4083 1207 4159 his,
1253 4074 1364 4166 qui
1410 4093 1860 4166 peccaverunt,
1908 4084 2234 4166 quomodo
2284 4081 2596 4164 recipies?
2688 4081 2933 4145 Nonne

535 4205 571 4248 e
615 4195 842 4249 contra
885 4206 1003 4267 per
1048 4206 1123 4250 os
1170 4197 1355 4251 tuum
1400 4197 1464 4251 te
1512 4187 1820 4268 conligas,
1868 4185 2088 4250 dicens
2138 4184 2482 4260 remisisse,
2532 4194 2596 4248 et
2644 4204 2776 4248 non
2825 4203 2931 4246 re-

534 4287 788 4362 misisti,
836 4289 951 4352 sed
999 4288 1431 4353 interfecisti?
1520 4288 1654 4370 Qui
1704 4289 1877 4352 enim
1926 4289 2007 4352 de
2052 4288 2321 4374 ecclesia
2367 4287 2547 4370 pellit
2594 4307 2763 4361 eum,
2811 4284 2922 4367 qui

534 4390 953 4466 convertitur,
1006 4391 1309 4455 interficit
1361 4413 1510 4455 eum
1561 4392 1840 4474 pessime
1893 4401 1956 4456 et
2010 4391 2390 4472 sanguinem
2442 4390 2588 4471 ejus
2642 4388 2931 4453 effundit

533 4491 673 4556 sine
719 4492 1164 4558 misericordia
1208 4543 1223 4558 .
1270 4543 1284 4558 .
1333 4543 1347 4558 .
1396 4514 1529 4559 non
1575 4495 1916 4559 attendens
1965 4495 2049 4558 ad
2097 4480 2607 4558 misericordiam
2658 4489 2929 4555 Domini

614 4672 830 4729 ⁸⁰1bid.
874 4675 951 4740 11,
990 4675 1105 4735 527,
1256 4673 1313 4714 ⁸⁶⁸
1333 4675 1473 4732 Ibid.
1516 4677 1593 4744 12,
1633 4677 1748 4732 355.
