3509 5267
875 550 976 613 De
1017 547 1315 614 clavium
1346 548 2105 612 PotestatisExistentia
2139 550 2357 629 Atque
2394 551 2671 615 Natura.
2892 554 2972 617 51

659 733 974 795 Attamen
1013 731 1420 796 conformior
1457 731 1716 795 videtur
1755 752 1943 796 sacro
1982 732 2192 797 textui
2234 733 2553 798 sententia
2590 754 2757 815 quae
2797 745 2973 800 tenet

582 835 656 899 B.
696 836 964 899 Petrum
1001 835 1287 898 locutum
1327 833 1532 898 fuisse
1569 834 1832 897 nomine
1867 834 2153 915 proprio,
2218 834 2409 899 ··Nam
2447 836 2773 902 Dominus
2805 839 2971 902 adeo

579 937 892 1019 singulari
942 936 1227 1018 loquitur
1274 937 1492 1011 modo,
1543 947 1617 1000 ut
1667 936 1926 1000 nonnisi
1978 938 2059 1001 de
2111 935 2328 1012 Petro,
2379 948 2444 1002 et
2495 938 2757 1020 quidem
2791 940 2969 1015 sole,

578 1039 618 1104 i.
658 1061 733 1114 e.,
771 1039 1054 1104 exclusis
1089 1038 1320 1103 ceteris
1359 1038 1715 1121 Apostolis,
1753 1039 1901 1119 ejus
1939 1040 2137 1103 verba
2176 1040 2443 1122 intelligi
2480 1040 2750 1123 possint.
2834 1043 2968 1105 Do-

578 1142 792 1206 minus
844 1142 911 1203 in
947 1141 1246 1205 medium
1294 1139 1550 1223 profert
1598 1141 1783 1204 varia
1831 1142 2095 1205 nomina
2146 1141 2322 1204 Petri
2345 1163 2371 1205 :.
2453 1142 2745 1218 “Simon,
2795 1143 2967 1208 fili-us

576 1243 868 1325 JoanniS,
902 1252 976 1307 tu
1010 1264 1086 1308 es
1117 1242 1411 1307 Petrus”.
1487 1243 1763 1307 'Petrum
1798 1243 2058 1307 beatum
2094 1245 2471 1326 proclamat.
2552 1233 2821 1311 Petrum
2856 1247 2967 1309 de-

575 1346 778 1410 clarat
809 1346 1067 1409 caelesti
1103 1345 1344 1409 lumine
1379 1347 1710 1410 donatum.
1792 1345 2060 1410 Petrum
2093 1347 2429 1413 constituit
2468 1346 2966 1412 fundamentum

575 1448 921 1523 Ecclesiae,
949 1447 1330 1529 interposito
1357 1448 1618 1511 nomine
1649 1448 1827 1512 Petri
1867 1447 2203 1531 (Kepha).
2281 1450 2477 1513 Petro
2504 1450 2716 1519 claves
2743 1450 2962 1527 tradit,

575 1570 691 1614 seu
735 1550 984 1626 melius,
1030 1550 1385 1632 promittit:
1473 1551 1662 1614 “Tibi
1708 1550 1878 1614 dabo
1924 1601 1939 1615 .
1979 1582 2001 1615 ·.
2048 1551 2107 1615 .”
2195 1552 2374 1633 Ergo
2418 1552 2543 1616 nisi
2590 1552 2963 1617 violentiam

575 1652 868 1727 velimus,
922 1652 1151 1716 saltem
1203 1653 1567 1734 aliqualem,
1620 1652 1869 1717 inferre
1924 1674 2109 1719 sacro
2161 1654 2393 1729 textui,
2446 1653 2645 1719 verba
2698 1654 2961 1736 Domini

573 1758 988 1840 intelligenda
1047 1768 1198 1822 sunt
1259 1758 1340 1821 de
1401 1758 1540 1822 solo
1603 1758 1821 1822 Petro.
1904 1756 2203 1838 “Quibus
2265 1756 2703 1838 quaesO,—ait
2768 1757 2961 1821 Card.

575 1860 1534 1941 Cajetanus,‚—describendum,
1591 1860 1718 1924 fuit
1772 1860 1855 1923 ab
1909 1860 2326 1940 Evangelista
2380 1859 2569 1941 quod.
2613 1860 2696 1923 ad
2753 1859 2963 1923 solum

575 1962 843 2027 Petrum
897 1973 1037 2027 erat
1091 1963 1349 2027 sermo?
1395 2012 1408 2027 .
1457 2011 1471 2026 .
1519 2011 1533 2026 .
1582 2012 1597 2026 .
1696 1963 1852 2027 Non
1904 1962 2197 2045 pluribus
2252 1983 2370 2026 nec
2424 1961 2785 2043 majoribus
2838 1961 2962 2024 cir-

569 2065 975 2131 cumstantiis
1004 2065 1456 2139 describuntur
1484 2075 1548 2128 et
1576 2065 1997 2129 nominantur
2024 2086 2063 2129 a
2092 2065 2363 2131 notariis
2392 2084 2709 2146 personae
2738 2064 2961 2127 haere-

571 2169 686 2232 des
728 2177 792 2231 et
837 2168 1182 2250 legatariae
1227 2188 1422 2249 quam
1468 2188 1747 2249 persona
1793 2168 1971 2231 Petri
2018 2167 2087 2229 in
2130 2168 2253 2231 hoc
2297 2176 2483 2230 textu
2516 2166 2851 2247 descripta
2897 2175 2961 2228 et

568 2270 903 2341 nominata
949 2270 1180 2334 fuit-”⁶..
1216 2270 1434 2351 ..Ergo
1476 2291 1628 2355 cum
1671 2270 1993 2333 Dominus
2037 2269 2290 2333 locutus
2341 2269 2541 2350 fuerit
2584 2268 2667 2332 ad
2716 2269 2789 2332 B.
2839 2269 2959 2330 Pe·

568 2380 742 2435 trum
779 2381 914 2435 tam
949 2372 1261 2453 singulari
1299 2373 1516 2447 mod0,
1535 2446 1540 2450 .
1557 2372 1631 2436 B.
1674 2372 1908 2436 Petrus
1949 2372 2217 2457 locutus·
2240 2381 2338 2434 est
2375 2370 2634 2434 nomine
2671 2369 2956 2451 proprio.

654 2505 743 2568 ΙΙ.
780 2541 868 2552 -
906 2504 1081 2581 Quid
1139 2504 1607 2585 dessiynaverit
1669 2502 1969 2567 Christus
2023 2512 2141 2583 per
2199 2502 2417 2579 verba,
2478 2501 2735 2582 “Super
2792 2503 2957 2565 hanc

565 2606 904 2687 petram''?

651 2732 726 2813 a)
772 2734 977 2815 Juxta
1013 2733 1234 2815 plures
1271 2732 1572 2813 antiquos
1609 2732 2077 2807 protestantes,
2115 2726 2232 2813 per
2270 2730 2379 2794 illa
2419 2726 2617 2794 verba
2658 2729 2957 2795 Christus

567 2836 964 2917 dessignavit
997 2836 1435 2916 Semetipsum
1467 2836 1688 2916 gestu:
1715 2830 1720 2835 ’
1765 2835 1870 2897 Tu
1904 2855 1973 2897 es
2009 2834 2242 2897 Petrus
2288 2832 2521 2914 (verba
2554 2833 2639 2897 ad
2670 2833 2957 2913 Aposto-

568 2937 702 3001 lum
746 2937 1052 3018 Petrum)
1082 2958 1099 3013 ;
1141 2948 1205 3001 et
1249 2957 1441 3019 super
1486 2938 1652 3000 h'anc
1695 2947 1948 3017 petram
2003 2936 2213 3017 (hisce
2258 2932 2473 2999 verbis
2516 2946 2581 3000 et
2624 2944 2812 3017 gestu
2858 2956 2955 2999 se-

566 3039 780 3121 ipsum
839 3040 1235 3121 dessignavit
1298 3039 1633 3118 Christus)
1703 3037 2059 3103 aedificabo
2105 3088 2120 3101 .
2167 3088 2181 3101 .
2229 3088 2243 3102 .
2330 3038 2516 3101 Haec
2574 3036 2796 3120 opinio
2852 3034 2955 3101 'est

566 3142 731 3206 sacri
770 3152 989 3206 textus
1026 3142 1378 3205 manifesta
1414 3142 1702 3216 violatio,
1739 3141 1877 3222 jam
1918 3141 2252 3222 antiquata
2289 3150 2407 3215 est,
2444 3149 2638 3222 atque
2676 3140 2757 3203 ab
2783 3138 2953 3222 ‘ipsis

564 3244 1072 3325 protestantibus
1114 3255 1188 3308 ut
1233 3244 1504 3307 ridicula
1548 3244 1861 3325 rejicitur.
2744 3266 2751 3273 ·

647 3371 726 3450 b)
781 3371 977 3434 Multi
1017 3371 1251 3435 Patres
1290 3369 1489 3434 verba
1530 3369 1788 3452 “Super
1826 3368 1993 3433 hanc
2030 3368 2323 3451 petram'’
2366 3368 2728 3433 litteraliter
2768 3368 2954 3431 intel-

567 3471 864 3537 lexerunt
905 3474 986 3537 de
1024 3483 1306 3554 persona
1351 3471 1547 3537 Petri.
1634 3472 1813 3535 Huic
1855 3472 2210 3535 sententiae
2252 3471 2685 3554 astipulantur
2727 3490 2953 3535 omnes

565 3586 871 3657 exegetae
920 3575 1215 3639 moderni
1265 3563 1400 3638 tam
1451 3574 1748 3639 catholici
1801 3595 1995 3655 quam
2045 3574 2241 3637 etiam
2291 3573 2649 3638 acatholici.
2744 3573 2831 3638 Et
2883 3594 2952 3636 re

560 3677 824 3759 quidem
862 3697 1038 3752 vera,
1079 3681 1260 3741 'sacer
1297 3687 1519 3742 textus
1561 3677 1652 3741 sic
1694 3676 2069 3759 simpliciter
2111 3680 2334 3740 sonatz'
2416 3676 2562 3740 “Tu
2604 3697 2673 3759 es
2716 3676 2952 3739 Petrus

574 3778 910 3859 (Kepha),
941 3789 1006 3843 et
1036 3801 1231 3861 super
1261 3780 1428 3843 hanc
1459 3790 1712 3861 petram
1754 3778 2061 3862 (Kepha)
2102 3777 2456 3841 aedificabo
2502 3828 2517 3843 .
2564 3828 2578 3841 .
2626 3777 2684 3842 .”
2720 3777 2950 3842 'Sensu

561 3896 719 3961 ergo
761 3880 953 3945 obvio
995 3872 1058 3945 et
1098 3883 1378 3946 naturali
1423 3902 1614 3945 nemo
1658 3903 1790 3945 non
1832 3878 2143 3963 intelliget
2185 3874 2564 3962 hujusmodi
2608 3881 2806 3944 verba
2852 3885 2951 3943 're-

567 3980 838 4047 ferenda
884 4003 1025 4049 esse
1073 3984 1156 4063 ad
1203 4004 1550 4066 personam
1602 3984 1799 4048 Petri.

647 4107 732 4172 N.
778 4107 853 4171 B.
934 4108 1006 4173 S.
1047 4109 1459 4190 Auqustinus
1510 4094 1831 4190 (Retract.
1875 4092 1989 4184 lib,
2024 4110 2077 4184 I,
2116 4129 2256 4191 cap.
2281 4091 2400 4183 21,
2441 4130 2503 4172 n.
2554 4107 2625 4188 1)
2677 4107 2947 4184 dubitat,

559 4218 782 4274 utrum
826 4210 1128 4292 praefata
1173 4212 1372 4275 verba
1419 4211 1781 4275 litteraliter
1828 4206 2242 4293 intelligenda
2290 4211 2419 4275 sint
2466 4212 2547 4275 de
2599 4211 2814 4285 Petro,
2863 4231 2949 4273 an

558 4299 642 4375 de
701 4311 982 4376 Christo.
1089 4312 1219 4377 Sed
1279 4308 1572 4377 moderni
1635 4333 1860 4378 omnes
1925 4312 2216 4377 fatentur
2276 4312 2454 4376 omni
2520 4311 2947 4377 fundamento

554 4432 778 4477 carere
837 4413 1214 4496 hujusmodi
1275 4415 1563 4490 dubium,
1624 4425 1688 4478 et
1745 4415 1944 4479 verba
2004 4416 2113 4478 illa
2176 4415 2473 4479 referunt
2532 4415 2617 4478 ad
2678 4416 2947 4478 Petrum

555 4514 790 4596 ipsum.

639 4703 773 4759 “De
813 4705 974 4759 Rom.
1014 4704 1230 4759 Pontis.
1270 4704 1644 4769 Institutione,
1684 4722 1801 4770 cap.
1838 4708 1887 4759 4.
