3509 5267
520 501 647 566 136
1591 503 1854 568 Thous.

520 684 757 748 habere
789 683 1245 749 contritionem
1278 682 1641 766 perfectam
1680 683 1874 750 simul
1909 705 2058 750 cum
2094 695 2252 750 voto
2288 684 2639 769 recipiendi
2677 686 2914 752 Poeni-

520 785 761 852 tentiae
814 796 1313 862 sacrmentum,
1366 796 1480 853 aut
1536 786 1775 852 habere
1829 787 2228 852 attritionem
2285 808 2401 854 seu
2455 789 2912 855 contritionem

520 889 973 972 imperfectam
1016 899 1083 954 et
1129 889 1413 972 recipere
1458 889 1992 954 sacramentalem
2033 889 2526 956 absolutionem.

1575 1037 1839 1105 XVIII.

604 1157 947 1236 contritio,
984 1167 1150 1242 quae
1186 1157 1427 1224 “animi
1464 1155 1653 1224 dolor
1686 1173 1764 1225 ac
1801 1160 2143 1225 detestatio
2179 1166 2279 1226 est
2315 1159 2397 1226 de
2432 1169 2699 1244 peccato
2734 1175 2912 1226 com-

518 1261 719 1328 misso
752 1283 902 1327 cum
934 1262 1271 1345 proposito
1305 1282 1436 1328 non
1469 1263 1778 1345 peccandi
1816 1263 1895 1327 de
1929 1262 2188 1328 cetero”
2233 1263 2469 1344 (Cone.
2509 1259 2714 1340 Trid„
2751 1275 2909 1328 sess.

520 1364 709 1440 XIV,
746 1385 887 1448 cap.
926 1364 1034 1444 4),
1075 1365 1346 1430 includit
1385 1384 1518 1431 non
1556 1375 1810 1430 tantum
1851 1364 2360 1448 resipiscentiam
2400 1385 2516 1430 seu
2555 1365 2729 1430 vitae
2768 1386 2912 1430 mu-

516 1467 851 1542 tationem,
902 1477 975 1532 ut
1026 1475 1203 1532 tenet
1254 1467 1581 1532 Lutherus
1633 1483 1784 1532 cum
1837 1467 1993 1543 suis,
2048 1469 2162 1532 sed
2215 1467 2410 1532 etiam
2464 1463 2735 1532 includit
2786 1463 2910 1532 hoc

517 1566 695 1634 aliud
738 1567 1163 1634 elementum:
1206 1570 1431 1635 odium
1474 1570 1556 1635 de
1598 1578 1866 1653 peccato
1909 1569 2276 1634 commisso.

1610 1721 1801 1786 XIX.

602 1825 698 1890 Ut
744 1825 1071 1899 contritio,
1122 1825 1258 1889 sive
1306 1824 1602 1906 perfecta
1650 1824 1789 1890 sive
1840 1822 2246 1906 imperfecta,
2295 1824 2382 1889 ad
2433 1833 2910 1889 sacramentum
3031 1839 3040 1847 ·

516 1926 729 1992 valide
764 1926 1204 2008 recipiendum
1240 1926 1533 2002 sufficiat,
1569 1927 1653 1992 sit
1688 1937 1946 2010 oportet
1981 1947 2158 2003 vera,
2197 1925 2728 2009 supernaturaliS,
2763 1925 2911 1991 uni·

516 2029 806 2105 versalia,
845 2029 1271 2112 appretiative
1310 2045 1583 2094 summa.

516 2149 521 2152 ·
1634 2131 1788 2196 XX.

604 2234 879 2298 Minime
924 2234 1271 2317 approbari
1318 2244 1533 2316 potest
1576 2235 1798 2317 opinio
1845 2254 2093 2310 eorum,
2141 2233 2250 2316 qui
2301 2233 2526 2299 dicunt
2575 2232 2644 2299 S.
2695 2233 2910 2297 Bona·

516 2347 859 2402 venturam
910 2337 1209 2402 docuisse
1260 2337 1643 2402 Extremam
1697 2335 2093 2401 Unctioncm
2150 2335 2357 2402 fuisse
2410 2336 2773 2402 institutam
2826 2336 2909 2401 ab

516 2440 837 2522 Apostolo
873 2440 1137 2521 Jacobo.

1613 2541 1803 2606 XXI.
2333 2591 2336 2595 .

600 2644 967 2727 Anglicani,
1016 2659 1149 2710 non
1200 2645 1605 2710 obstantibus
1657 2665 1887 2710 eorum
1937 2643 2296 2722 conatibus,
2349 2667 2704 2731 numquam
2755 2667 2911 2730 pro-

514 2748 759 2812 babunt
817 2747 1054 2812 falsam
1110 2768 1252 2812 esse
1308 2747 1810 2812 declarationem
1869 2748 2096 2813 Bullae
2155 2749 2613 2832 “Apostolicae
2669 2749 2908 2814 curae’'

526 2851 620 2931 (a.
669 2849 869 2930 1896)
920 2850 1263 2914 statuentis
1304 2849 1747 2916 ordinationes
1793 2850 1925 2915 ritu
1965 2850 2307 2933 anglicano
2347 2861 2645 2933 peractas
2688 2851 2909 2916 irritas

514 2965 784 3035 prorsus
828 2967 971 3017 esse
1014 2951 1406 3036 omninoque
1449 2951 1679 3017 nullas..

602 3207 1099 3273 Matrimonium
1166 3227 1521 3289 numquam
1594 3206 1723 3272 fuit
1789 3215 2162 3271 contractus
2233 3207 2609 3291 simpliciter
2677 3204 2906 3281 civilis»,

516 3310 632 3373 sed
677 3329 931 3391 semper
978 3309 1270 3373 habitum
1316 3319 1415 3374 est
1458 3319 1794 3391 tamquam
1837 3309 2083 3391 aliquid
2129 3329 2424 3385 sacrum;
2469 3319 2534 3374 et
2583 3308 2908 3373 Dominus

517 3410 762 3481 Noster
813 3411 853 3493 J
856 3431 1007 3476 esus
1066 3410 1367 3476 Christus
1423 3421 1828 3477 contractum
1885 3411 2427 3475 matrimonialem
2484 3409 2907 3476 sacramentis

520 3514 749 3578 Novae
794 3513 987 3595 Legis
1030 3513 1503 3578 adnumeravit.

652 3634 659 3640 ·
1572 3616 1836 3686 XXIII.

600 3719 973 3788 Consensus
1027 3732 1094 3787 et
1146 3715 1238 3788 nil
1290 3717 1468 3788 aliud
1520 3741 1716 3805 quam
1768 3739 2124 3788 consensus
2177 3723 2512 3790 constituit
2565 3723 2906 3788 materiam

513 3836 581 3891 et
628 3817 911 3890 formam
955 3819 1339 3891 sacramenti
1385 3821 1813 3892 Matrimonii.

1557 3977 1814 4042 XXIV.

602 4049 1009 4146 Matrimonii
1059 4081 1207 4146 finis
1252 4080 1601 4163 primarius
1650 4091 1750 4145 est
1798 4078 2161 4163 procreatio
2208 4090 2273 4144 et
2320 4077 2620 4144 educatio
2666 4077 2906 4160 prolis;

515 4183 937 4249 secundarius
971 4193 1271 4248 mutuum
1307 4183 1711 4264 adjutorium
1747 4193 1813 4246 et
1853 4182 2210 4247 remedium
2245 4179 2819 4264 concupiscentiae.

1597 4325 1817 4398 XXV.

601 4437 973 4503 Divortium
1016 4437 1329 4520 primario
1373 4447 1647 4503 naturae
1687 4429 1804 4500 fini
1851 4456 1984 4500 non
2027 4434 2398 4519 opponitur,
2445 4433 2672 4498 saltem
2716 4430 2906 4497 valde

516 4541 860 4606 difficiliter
901 4541 1251 4624 probatum
1294 4540 1647 4622 opponitur
1688 4549 1908 4604 autem
1951 4557 2149 4622 quam
2190 4535 2476 4602 mxime
2522 4531 2904 4600 secundario

516 4643 649 4724 juri
690 4641 989 4708 naturali.
