3509 5267
901 534 1003 597 De
1042 532 1339 597 ClatAum
1373 532 1728 597 Potestatis
1762 531 2133 600 Existentia
2167 533 2384 613 Atque
2420 534 2698 599 Natura.
2920 538 3006 601 53

1441 714 1975 781 ARTICULUS
2064 716 2151 781 11.

971 833 1244 891 clavium
1293 842 1569 902 potestas
1615 834 1836 920 ceteris
1882 834 2200 902 Apostolis
2247 835 2637 903 promittitur.

690 950 1046 1035 Postquam
1077 952 1402 1017 Dominus
1432 951 1768 1017 constituit
1800 951 2068 1017 Petrum
2103 952 2315 1035 Caput
2349 950 2744 1035 Supremam
2775 953 2997 1019 Eccle-

606 1055 760 1131 siae,
814 1055 1002 1137 eique
1055 1054 1424 1137 spirituales
1476 1054 1748 1119 tradidit
1792 1054 2037 1130 claves,
2091 1054 2229 1137 jam
2284 1076 2456 1120 nunc
2512 1055 2708 1121 etiam
2762 1056 2997 1122 ceteris

604 1156 942 1239 Apostolis
1010 1166 1398 1239 potestatem
1471 1155 1712 1239 ligandi
1786 1156 2206 1239 solvendique
2274 1156 2598 1240 promittit
2666 1159 2882 1223 verbis
2955 1178 2996 1222 a

603 1258 674 1324 S.
724 1259 1046 1336 Mattheo,
1092 1279 1232 1341 cap.
1286 1262 1384 1336 18,
1432 1282 1494 1324 v.
1548 1262 1647 1336 18,
1697 1259 1951 1324 relatis:
2044 1260 2299 1324 “Amen
2348 1260 2495 1325 dico
2542 1260 2749 1337 vobis,
2802 1282 2995 1341 quae-

605 1381 877 1442 cumque
931 1361 1348 1443 alliyaveritis
1400 1371 1599 1443 super
1649 1369 1895 1426 'terram
1938 1370 2135 1427 erunt
2191 1362 2389 1444 liyata
2434 1371 2504 1427 et
2554 1362 2623 1426 in
2679 1364 2874 1439 coelo,
2930 1372 2995 1427 et

605 1484 1042 1545 quaecumque
1083 1463 1410 1529 solveritis
1447 1475 1647 1545 super
1687 1473 1929 1529 terram
1970 1473 2160 1530 erunt
2200 1466 2414 1529 soluta
2455 1473 2519 1530 et
2558 1465 2625 1529 in
2669 1465 2906 1531 caelo”.

687 1565 986 1631 Christus
1027 1565 1242 1647 itaque
1284 1566 1620 1649 Apostolis
1661 1567 1799 1632 suis
1840 1566 2305 1649 amplissimam
2338 1568 2667 1650 promittit
2709 1577 2992 1650 potesta-

600 1676 766 1732 tem:
846 1689 1284 1749 quaecumque
1343 1669 1781 1751 alligaveritis,
1841 1690 2278 1751 quaecumque
2337 1670 2681 1735 solveritis.
2762 1669 2849 1734 Et
2904 1691 2992 1733 ex

600 1769 723 1835 hoc
772 1769 914 1852 ipso
961 1792 1199 1852 magna
1246 1772 1542 1836 exoritur
1589 1772 1887 1853 quaestio
1932 1772 2105 1838 circa
2154 1782 2540 1855 potestatem
2593 1772 2789 1837 Petro
2839 1793 2990 1855 pro-

599 1872 897 1937 missam:
961 1884 1141 1937 estne
1201 1873 1670 1956 Apostolorum
1727 1885 2017 1957 potestas
2074 1875 2362 1957 aequalis
2425 1874 2601 1939 Petri
2662 1875 2991 1958 potestati,

599 1994 683 2037 an
734 1974 910 2038 Petri
959 1984 1248 2058 potestas
1295 1976 1511 2058 major
1558 1987 1657 2043 est
1707 1977 2175 2061 Apostolorum
2224 1988 2565 2060 potestate,
2615 1999 2750 2053 seu,
2802 1998 2989 2041 num-

595 2077 752 2158 quid
795 2076 861 2139 in
899 2078 1117 2159 aliquo
1157 2078 1472 2144 minuitur
1507 2067 1866 2145 auctoritas
1907 2090 1972 2145 et
2013 2090 2301 2163 potestas
2342 2079 2522 2145 Petri
2563 2092 2830 2163 propter
2872 2101 2989 2163 po-

595 2188 894 2244 testatem
929 2180 1264 2263 Apostolis
1298 2181 1734 2264 promissam?

682 2287 1071 2368 Respondeo
1121 2306 1272 2350 cum
1327 2283 1446 2350 SS.
1502 2284 1808 2349 Patribus
1860 2296 1924 2351 et
1979 2284 2175 2350 Cone.
2234 2284 2588 2349 Vaticano:
2688 2286 2987 2349 Potestas

598 2388 775 2453 Petri
826 2388 1090 2452 minime
1139 2388 1389 2452 minuta
1441 2386 1570 2451 fuit
1619 2408 1736 2469 per
1785 2387 1963 2476 illam
2012 2396 2397 2470 potestatem
2450 2387 2784 2469 Apostolis
2835 2408 2987 2470 pro-

595 2491 878 2557 missam.
959 2491 1308 2566 Audiatur,
1344 2512 1406 2554 v.
1444 2510 1528 2573 g.,
1562 2490 1730 2555 Pius
1767 2490 1872 2553 IX
1910 2488 2216 2555 Pastores
2254 2490 2582 2555 Ecclesiae
2619 2510 2987 2555 convocans

595 2595 677 2658 ad
729 2593 1091 2658 Concilium
1152 2591 1659 2673 (Vaticanum):
1754 2591 2169 2674 f‘Antequam
2219 2612 2397 2667 vero,
2449 2592 2701 2657 devicta
2752 2601 2983 2666 morte,

591 2695 1000 2777 triumphans
1044 2696 1110 2757 in
1157 2695 1425 2759 Caelum
1466 2714 1895 2760 consessurus
1937 2696 2022 2760 ad
2067 2696 2405 2759 dexteram
2452 2694 2666 2759 Patris
2722 2694 2983 2775 (Chris-

591 2798 735 2877 tus)
796 2798 1276 2874 conscenderet,
1330 2797 1506 2863 misit
1558 2797 1915 2879 Apostolos
1968 2797 2035 2861 in
2088 2798 2405 2862 mundum
2457 2797 2854 2870 universum,
2909 2807 2983 2860 ut

589 2900 1037 2981 praedicarent
1071 2899 1498 2981 Evangelium
1531 2899 1708 2964 omni
1741 2909 2097 2975 creaturae,
2129 2900 2350 2981 eisque
2383 2908 2767 2982 potestatem
2803 2898 2981 2962 dedit

593 3002 854 3083 regendi
916 3001 1272 3066 Ecclesiam
1319 3051 1333 3065 .
1381 3052 1395 3066 .
1444 3052 1458 3065 .
1519 3000 1614 3067 Ut
1670 3011 1891 3067 autem
1947 3002 2245 3084 ejusdem
2305 3002 2632 3067 Ecclesiae
2693 3002 2981 3083 regimen

591 3115 761 3170 recte
813 3125 1066 3185 semper
1114 3115 1307 3185 atque
1355 3124 1440 3167 ex
1489 3103 1718 3169 ordine
1766 3102 2165 3187 procederet,
2213 3114 2279 3169 et
2312 3103 2539 3169 omnis
2587 3104 2979 3169 christianus

589 3207 868 3289 populus
919 3207 986 3269 in
1033 3227 1164 3270 una
1212 3226 1466 3288 semper
1514 3205 1662 3283 fide,
1711 3205 2026 3284 doctrina,
2071 3207 2363 3281 caritate,
2405 3216 2477 3270 >et
2524 3205 2979 3272 communione

586 3308 980 3390 persisteret,
1028 3318 1167 3371 tum
1213 3308 1631 3391 semetipsum
1671 3319 1992 3392 ,perpetuo
2034 3308 2399 3373 affuturum
2444 3330 2649 3391 usque
2694 3309 2778 3372 ad
2824 3328 2979 3372 con-

589 3411 1017 3474 sumationem
1067 3411 1304 3475 saeculi
1351 3410 1669 3493 promisit,
1718 3421 1861 3476 tum
1906 3411 2101 3475 etiam
2152 3410 2451 3475 omnibus
2501 3432 2703 3475 unum
2753 3410 2978 3491 selegit

590 3515 877 3591 Petrum,
931 3537 1123 3598 quem
1175 3516 1648 3597 Apostolorum
1695 3513 2075 3595 principem,
2129 3532 2449 3595 suumque
2504 3512 2608 3576 hic
2662 3512 2729 3574 in
2783 3512 2976 3575 terris

589 3618 945 3694 Vicarium,
998 3618 1452 3699 Ecclesiaeque
1506 3616 1739 3699 Caput,
1797 3616 2296 3681 fundamentum
2348 3637 2425 3681 ac
2476 3625 2770 3679 centrum
2822 3633 2978 3678 con-

587 3721 814 3796 stituit,
850 3730 921 3785 ut
955 3741 1104 3785 cum
1138 3721 1389 3785 ordinis
1422 3730 1486 3784 et
1522 3719 1789 3785 honoris
1822 3720 2052 3801 gradu,
2085 3727 2227 3783 tum
2262 3718 2644 3799 praecipuae
2680 3716 2975 3800 plenissi-

586 3844 854 3905 maeque
933 3822 1356 3898 auctoritatis,
1432 3822 1775 3905 potestatis
1850 3842 1926 3887 ac
2003 3820 2474 3904 jurisdictionis
2550 3818 2975 3902 amplitudine

583 3935 874 4006 pasceret
907 3945 1110 4006 agnos
1142 3936 1206 3989 et
1241 3946 1414 4005 oves,
1444 3923 1862 3990 confirmaret
1899 3924 2159 3999 fratres,
2193 3923 2687 4003 universamque
2724 3929 2975 4003 regeret

585 4026 961 4102 Ecclesiam,
1010 4038 1075 4092 et
1122 4038 1293 4092 esset
1343 4026 1520 4091 Caeli
1569 4027 1849 4110 janitor,
1895 4046 1972 4091 ac
2022 4016 2431 4108 ligandorum
2484 4024 2974 4088 solvendorum-

582 4149 706 4209 que
747 4130 1008 4205 arbiter,
1049 4150 1356 4195 mansura
1395 4128 1592 4194 etiam
1633 4129 1702 4192 in
1739 4128 1957 4195 Caelis
1996 4126 2392 4211 judiciorum
2435 4146 2701 4191 suorum
2745 4123 2973 4188 defini-

579 4230 844 4295 tione”⁸.
929 4230 1268 4313 Quidquid
1307 4252 1464 4315 ergo
1508 4231 1760 4297 faciunt
1798 4223 2121 4314 Apostoli,
2162 4230 2378 4313 quoad
2420 4228 2707 4311 regimen
2750 4227 2971 4290 Eccle-

579 4333 733 4409 siae,
780 4332 1050 4409 faciunt,
1090 4336 1388 4399 consulto
1428 4333 1646 4410 Petro,
1687 4333 1799 4416 qui
1843 4333 2078 4399 Pastor
2117 4343 2217 4397 est
2258 4352 2373 4397 seu
2418 4329 2775 4412 Supremus
2821 4329 2970 4392 Mo-

579 4435 841 4498 derator
893 4455 1231 4516 agnorum,
1286 4458 1394 4513 sc.,
1451 4436 1880 4513 subditorum,
1934 4446 1999 4501 et
2053 4434 2273 4500 ovium
2330 4454 2444 4498 seu
2500 4431 2969 4515 Apostolorum

580 4536 1101 4619 reliquorumque
1148 4538 1591 4621 Superiorum.

659 4690 687 4729 ⁸
707 4691 872 4746 Bulla
905 4693 1146 4749 Aeterni
1177 4693 1386 4761 Patris,
1419 4693 1485 4750 29
1517 4694 1664 4761 Jun..
1702 4692 2042 4750 mea-eft.
2079 4692 2249 4749 Cone.
2285 4693 2414 4749 Vat.
2454 4709 2587 4747 sess.
2626 4690 2726 4754 lv,
2762 4706 2879 4753 cap.
2920 4689 2965 4742 1.
