3509 5267
922 534 1024 597 De
1062 531 1360 597 Cluvium
1393 532 1750 598 Potes-tatis
1783 532 2155 597 Existentia
2186 534 2405 616 Atque
2439 535 2719 601 Natura.
2965 538 3051 601 19

620 736 684 781 v.
727 736 811 799 g.,
859 716 940 782 D.
987 716 1311 781 Thomas:
1398 715 1758 798 “Proprius
1803 726 1987 781 actus
2030 716 2179 799 ejus
2236 718 2739 801 (poenitentiae)
2795 731 2894 785 est
2944 719 3011 784 in

621 818 951 902 objectum
983 819 1342 902 proprium,
1377 819 1554 901 quod
1586 829 1686 884 est
1719 830 2055 901 peccatum
2090 821 2545 897 commissum3
2580 832 2646 887 et
2680 823 2827 888 ideo
2864 823 3012 905 ejus

621 932 806 989 actus
842 922 1237 1006 principalis,
1276 943 1385 998 sc„
1423 923 1749 997 contritio,
1789 925 2145 989 secundum
2184 945 2370 989 suam
2411 926 2709 1009 speciem,
2753 926 3013 1008 respicit

623 1036 878 1092 tantum
905 1035 1241 1109 peccatum
1268 1026 1734 1109 praeteritum”
1774 1027 1991 1108 (Sent.
2025 1026 2145 1103 IV,
2172 1029 2235 1093 d.
2270 1032 2369 1103 17,
2399 1051 2460 1112 q.
2491 1032 2551 1104 2,
2579 1050 2639 1094 a.
2671 1034 2729 1106 2,
2760 1031 2875 1095 sol.
2905 1030 3012 1110 4).

627 1129 993 1195 “Contritio
1051 1129 1343 1211 (autem)
1403 1140 1504 1195 est
1553 1131 1740 1195 dolor
1794 1131 2143 1213 respiciens
2192 1142 2258 1196 et
2308 1133 2788 1214 quodammodo
2839 1153 3015 1197 com-

625 1232 924 1300 minuens
964 1234 1319 1299 voluntatis
1363 1233 1708 1311 duritiam:
1750 1245 1818 1299 et
1860 1234 2010 1300 ideo
2052 1236 2134 1300 de
2178 1235 2306 1301 illis
2351 1235 2507 1302 solis
2548 1235 2829 1318 peccatis
2872 1255 3015 1300 esse

625 1347 860 1420 potest,
912 1358 1079 1421 quae
1130 1358 1217 1402 ex
1267 1337 1510 1403 duritia
1561 1348 1825 1403 nostrae
1876 1337 2230 1404 voluntatis
2286 1339 2355 1403 in
2408 1360 2529 1404 nos
2584 1339 3016 1422 proveniunt”

637 1440 771 1522 (Ib.
811 1440 930 1506 sol.
970 1442 1075 1522 2).
1158 1442 1222 1505 A
1261 1442 1659 1525 poenitentia
1696 1462 1857 1524 ergo
1892 1442 2155 1524 proprie
2195 1441 2371 1507 dicta
2408 1443 2844 1507 excluduntur
2881 1453 3017 1507 tam

505 1630 516 1641 ᾗ
626 1555 890 1628 peccata
937 1546 1147 1609 aliena
1189 1565 1386 1627 quam
1430 1555 1768 1629 peccatum
1812 1546 2162 1627 originale;
2207 1547 2360 1627 quia
2410 1545 2585 1611 facta
2629 1546 2839 1611 aliena
2886 1566 3018 1609 non

627 1668 975 1730 possumus
1019 1659 1390 1724 retractare,
1431 1659 1498 1714 et
1537 1649 1784 1731 pariter
1825 1649 2167 1731 nequimus
2209 1650 2475 1714 alterius
2518 1670 2834 1732 personae
2877 1670 3019 1713 mu-

629 1763 770 1817 mre
808 1754 1232 1828 voluntatem,
1271 1773 1352 1817 eo
1392 1773 1590 1818 sensu
1628 1753 1710 1818 de
1751 1774 1885 1835 quo
1922 1774 2095 1818 nunc
2134 1754 2408 1835 agimus.
2496 1753 2760 1818 Habere
2800 1762 3020 1817 tamen

629 1876 977 1940 possumus
1013 1855 1488 1939 poenitentiam
1515 1857 1692 1939 large
1730 1867 2059 1939 sumptam
2097 1858 2179 1922 de
2216 1856 2495 1940 peccatis
2533 1856 2781 1931 alienis,
2821 1856 3021 1920 immo

633 1960 713 2024 de
753 1970 1021 2043 peccato
1059 1959 1380 2043 originali,
1423 1960 1465 2025 i.
1508 1982 1586 2035 e.,
1629 1961 1855 2025 odium
1895 1970 1962 2025 et
2006 1960 2511 2043 displiscentiam
2554 1962 2635 2025 de
2680 1960 2826 2025 illis.
2912 1959 3021 2023 Ad

634 2083 772 2127 rem
808 2062 877 2129 S.
911 2064 1236 2128 Thomas:
1311 2063 1764 2129 “Poenitentia
1797 2074 1897 2129 est
1930 2064 2411 2146 quodammodo
2445 2064 2525 2128 de
2558 2061 2844 2146 quolibet
2875 2082 3024 2146 pec-

633 2177 927 2232 catorum
966 2187 1236 2249 genere:
1277 2188 1409 2232 non
1446 2177 1665 2233 tamen
1704 2168 1935 2232 eodem
1976 2167 2234 2231 modo.”
2320 2168 2420 2231 De
2460 2178 2725 2249 peccato
2765 2165 3022 2231 mortali

635 2270 947 2336 habemus
1003 2271 1467 2353 poenitentiam
1524 2272 1787 2353 proprie
1843 2270 2120 2347 dictam;
2177 2268 2371 2354 “quia
2426 2270 2689 2353 proprie
2748 2269 3026 2334 dicimur

635 2374 968 2456 poenitere
997 2375 1078 2439 de
1110 2375 1234 2450 his,
1264 2395 1430 2457 quae
1461 2384 1686 2440 nostra
1715 2375 2051 2439 voluntate
2082 2374 2523 2439 commisimus
2568 2424 2583 2439 .
2631 2424 2647 2439 .
2693 2424 2708 2439 .
2745 2373 2847 2437 De
2878 2394 3027 2455 pec·

635 2476 797 2542 catis
839 2486 1057 2541 autem
1097 2476 1456 2542 venialibus
1498 2487 1599 2542 est
1640 2477 1903 2559 quidem
1945 2476 2343 2560 poenitentia
2385 2477 2667 2559 proprie,
2712 2476 2779 2540 in
2823 2496 3027 2557 quan-

637 2589 778 2645 tum
811 2591 962 2645 sunt
995 2590 1219 2645 nostra
1252 2580 1585 2647 voluntate
1623 2580 1861 2645 facta.”
1938 2580 2039 2645 De
2071 2589 2337 2662 peccato
2366 2600 2525 2645 vero
2558 2578 2857 2661 originali
2896 2598 3028 2644 non

637 2682 950 2749 habemus
987 2684 1450 2767 poenitentiam
1487 2683 1750 2766 proprie
1790 2684 2066 2761 dictam;
2107 2684 2301 2766 “quia
2339 2692 2675 2765 peccatum
2714 2681 3028 2764 originale

638 2806 772 2852 non
799 2798 898 2852 est
929 2797 1153 2853 nostra
1181 2788 1519 2853 voluntate·
1544 2797 1881 2871 peractum
1925 2837 1941 2853 .
1988 2837 2003 2851 .
2050 2837 2065 2852 .
2142 2788 2221 2850 In
2255 2796 2569 2869 quantum
2600 2796 2818 2850 tamen
2851 2786 3029 2867 large

639 2891 952 2973 accipitur
988 2892 1384 2974 poenitentia
1420 2911 1543 2974 pro
1581 2910 1987 2973 quacumque
2026 2889 2451 2955 detestatione
2493 2889 2585 2953 rei
2622 2888 3028 2971 praeteritae,

639 3003 854 3077 potest
881 2994 1007 3059 dici
1037 2995 1433 3078 poenitentia
1462 2997 1542 3060 de
1570 3005 1835 3078 peccato
1864 2993 2185 3076 originali,
2215 2994 2382 3059 sicut
2411 2991 2698 3074 loquitur
2728 2993 3029 3073 August„

641 3096 709 3161 in
749 3098 856 3172 lib.
899 3099 980 3163 de
1023 3098 1274 3163 Poenit.
1327 3099 1480 3180 (seu
1519 3098 1619 3162 De
1656 3118 1815 3163 vera
1854 3107 1919 3161 et
1963 3097 2132 3161 falsa
2172 3094 2435 3180 poenit„
2474 3116 2615 3178 cap.
2661 3094 2862 3176 6)”³⁸.

1453 3276 1509 3338 6.
1594 3275 1697 3337 De
1748 3274 2217 3339 emendatione.

730 3393 1174 3459 Poenitentiae
1218 3394 1427 3459 virtus
1471 3393 1737 3459 inclinat
1781 3394 1977 3458 etiam
2020 3394 2106 3458 ad
2149 3392 2410 3458 firmum
2455 3392 2925 3459 emendationis
2968 3401 3035 3457 et

645 3497 1112 3562 satisfactionis
1151 3497 1578 3581 propositum.
1662 3497 2072 3561 Poenitentia
2107 3496 2370 3579 quidem
2408 3495 2683 3560 intendit
2723 3495 3035 3579 primario

645 3600 888 3684 peccati
925 3601 1258 3683 praeteriti
1297 3601 1823 3666 destructionem.
1904 3599 2081 3666 “Sed
2118 3622 2203 3664 ex
2241 3600 2659 3683 consequenti
2696 3598 3035 3683 poenitens

647 3704 842 3768 etiam
881 3705 1019 3769 odit
1055 3715 1392 3788 peccatum
1435 3704 1775 3781 futurum:
1810 3697 1962 3769 narn
2002 3705 2229 3769 eadem
2269 3703 2515 3768 malitia
2554 3723 2720 3784 quae
2760 3702 2928 3767 inest
2969 3701 3036 3765 in

646 3817 912 3889 peccato
966 3808 1337 3890 praeterito,
1394 3828 1506 3884 sc„
1559 3807 1805 3889 injuria
1860 3818 1926 3873 et
1980 3807 2237 3873 offensa
2293 3807 2437 3884 Dei,
2492 3807 2661 3870 inest
2715 3806 2913 3870 etiam
2969 3804 3037 3868 in

645 3922 912 3994 peccato
950 3910 1196 3976 futuro.
1273 3911 1453 3995 Ergo
1485 3912 1697 3977 omnis
1727 3910 2033 3976 contritio
2066 3911 2432 3975 virtualiter
2463 3928 2719 3992 quoque
2752 3907 3037 3973 continet

647 4013 1054 4097 propositum
1117 4036 1250 4079 non
1310 4015 1616 4099 peccandi
1681 4017 1763 4080 de
1824 4025 2058 4079 cetero.
2167 4014 2268 4077 Ita
2330 4015 2518 4078 docet
2584 4011 2650 4077 S.
2714 4011 3037 4075 Thomas:

651 4117 988 4201 ‘Proprius
1035 4129 1220 4184 actus
1267 4118 1418 4200 ejus
1475 4118 1983 4202 (poenitentiae)
2038 4128 2138 4182 est
2186 4117 2256 4181 in
2302 4116 2633 4197 objectum
2681 4113 3039 4197 proprium,

649 4222 826 4303 quod
873 4230 974 4285 est
1017 4231 1354 4304 peccatum
1401 4222 1859 4297 commissum;
1906 4231 1972 4286 et
2020 4220 2170 4285 ideo
2215 4218 2367 4301 ejus
2412 4228 2597 4284 actus
2644 4214 3041 4300 principalis,

651 4344 763 4398 sc„
797 4323 1122 4399 contritio,
1160 4326 1515 4390 secundum
1553 4345 1740 4390 suam
1778 4323 2076 4406 speciem,
2115 4322 2376 4404 respicit
2413 4331 2667 4386 tantum
2705 4328 3041 4404 peccatum

651 4426 1111 4509 praeteritum:
1137 4428 1252 4491 sed
1278 4448 1364 4492 ex
1390 4428 1809 4510 consequenti
1841 4426 2101 4510 respicit
2133 4426 2451 4499 futurum,
2483 4423 2837 4489 seeundum
2867 4422 3043 4503 quod

663 4528 1131 4610 (poenitentia)
1199 4529 1391 4594 habet
1447 4530 1693 4613 aliquid
1747 4531 1832 4594 de
1886 4528 2268 4613 prudentiae
2325 4528 2730 4608 adjunctum,
2788 4532 2854 4588 et
2912 4543 3043 4587 non

735 4666 1029 4754 ”Sumnr
1066 4696 1278 4765 Tbeol„
1313 4700 1362 4765 3,
1395 4718 1449 4766 q.
1484 4700 1566 4765 84,
1603 4719 1652 4756 a.
1687 4701 1734 4765 2,
1773 4700 1847 4757 ad
1880 4702 1929 4757 3.
