3509 5267
913 498 1015 560 De
1055 496 1360 561 Cluvium·
1386 496 1740 560 Potestatis
1775 495 2146 559 Existentia
2180 496 2398 577 Atque
2433 496 2711 560 Natura.
2928 498 3014 561 29

620 677 892 743 interius
948 698 1062 741 seu
1117 677 1186 740 in
1239 676 1455 741 anima
1511 673 1617 740 fit:
1717 675 1932 739 “Illud
1986 675 2161 741 enim
2217 676 2475 758 signum
2530 698 2691 753 esse,
2750 689 3009 744 sanctus

619 782 1030 863 Augustinus
1080 789 1377 855 testatur,
1426 780 1601 861 quod
1651 790 1911 861 praeter
1960 800 2117 855 rem,
2171 801 2367 862 quam
2418 782 2713 847 sensibus
2764 782 3010 863 objicit,

621 886 813 949 efficit
861 886 1076 959 etiam,
1103 894 1199 948 ut
1247 905 1331 947 ex
1378 905 1448 948 vse
1497 884 1764 948 alterius
1814 884 1907 946 rei
1958 884 2393 965 cognitionem
2440 886 2792 967 capiamus,
2846 887 3010 951 sicut

619 1010 705 1053 ex
741 988 1035 1071 vestigio,
1076 989 1251 1070 quod
1290 997 1502 1052 terrae
1543 987 1931 1069 impressum
1973 986 2319 1064 intuemur,
2359 988 2671 1053 transisse
2710 989 3009 1072 aliquem,

620 1092 811 1173 cujus
851 1092 1198 1173 vestigium
1239 1101 1528 1174 apparet,
1576 1091 1767 1155 facile
1808 1090 2317 1171 cogniscitur”⁶⁰.
2402 1092 2489 1156 Et
2530 1092 2651 1156 hac
2691 1093 2773 1157 de
2814 1113 3011 1157 causa

621 1205 1096 1260 sacramentum
1151 1205 1250 1259 est
1303 1195 1596 1275 signum;
1650 1194 2011 1276 “siquidem
2066 1194 2277 1276 specie
2330 1196 2612 1277 quadam
2667 1206 2732 1260 et
2788 1195 3012 1260 simili-

620 1299 844 1361 tudine
875 1299 943 1362 -id
977 1298 1163 1362 nobis
1197 1298 1501 1373 declarat,
1533 1299 1708 1379 quod
1742 1298 1921 1362 Deus
1955 1298 2023 1359 in
2056 1297 2289 1362 animis
2323 1299 2564 1363 nostris
2598 1319 2716 1363 sua
2749 1300 3009 1373 virtute,

621 1422 784 1483 quae
820 1422 1013 1466 sensu
1047 1402 1289 1484 percipi
1325 1422 1457 1465 non
1490 1410 1723 1484 potest,
1756 1401 1967 1465 efficit.
2047 1401 2419 1483 Baptismus
2454 1402 2627 1465 enim
2672 1402 2801 1483 (ut,
2835 1403 3010 1484 quod

622 1506 908 1580 docetur,
944 1506 1242 1587 exemplo
1278 1507 1496 1569 notius
1530 1505 1710 1585 fiat),
1745 1525 1914 1579 cum,
1950 1504 2254 1569 adhibitis
2289 1506 2481 1570 certis
2517 1516 2581 1570 et
2618 1506 3011 1570 solemnibus

620 1610 855 1683 verbis,
891 1630 1058 1690 aqua
1095 1609 1498 1674 extrinsecus
1534 1608 1877 1683 abluimur,
1913 1609 2037 1673 hoc
2072 1608 2425 1690 significat:
2466 1608 2748 1691 Spiritus
2789 1610 3009 1674 Sancti

620 1714 860 1777 virtute
899 1734 1156 1777 omnem
1194 1714 1437 1794 peccati
1478 1714 1797 1777 maculam
1836 1723 1900 1776 et
1939 1712 2409 1795 turpitudinem
2449 1713 2719 1778 interius
2758 1714 2907 1788 elui,
2946 1723 3011 1777 et

620 1818 870 1882 animas
903 1827 1160 1881 nostras
1192 1817 1525 1899 praeclaro
1557 1817 1668 1880 illo
1699 1816 1994 1881 caelestis
2027 1816 2319 1897 justitiae
2353 1817 2526 1881 dono
2561 1818 2783 1899 augeri
2818 1827 3011 1899 atque

623 1922 840 1985 ornari
861 1942 877 1997 ;
917 1921 1238 2003 simulque
1273 1941 1349 1985 ea
1386 1920 1678 2002 corporis
1717 1920 1963 1985 ablutio
2009 1970 2024 1983 .
2070 1970 2086 1984 .
2134 1970 2149 1985 .
2196 1971 2210 1986 .
2252 1921 2411 1985 illud
2454 1921 2521 1984 in
2560 1921 2780 1985 animo
2820 1921 3012 1985 efficit

621 2026 795 2107 quod
838 2024 1274 2106 significat'’⁶⁷.

706 2128 904 2210 Quod
955 2138 1430 2192 sacramentum
1479 2128 1562 2194 sit
1611 2128 1890 2209 signum,
1938 2148 2069 2192 non
2118 2137 2371 2192 tantum
2420 2138 2675 2193 constat
2710 2148 2808 2191 ex
2858 2128 3011 2199 sim-

621 2232 821 2314 pliciti
869 2231 1379 2307 ratiocinatione,
1426 2233 1539 2296 sed
1584 2232 1781 2295 etiam
1829 2252 1915 2295 ex
1958 2232 2163 2296 sacris
2207 2231 2508 2297 Litteris:
2595 2232 2744 2295 “Ex
2795 2231 3011 2314 Scrip-

621 2335 784 2399 turis
843 2345 1065 2415 aperte
1123 2334 1448 2416 colligitur
1511 2334 2003 2399 Sacramentum
2064 2335 2232 2398 inter
2292 2335 2477 2416 signa
2535 2337 3011 2400 numerandum

620 2458 762 2503 esse
808 2488 822 2503 .
871 2488 885 2502 .
933 2488 947 2501 .
992 2439 1351 2520 Apostolus
1408 2438 1601 2513 enim,
1658 2459 1808 2503 cum
1866 2438 2143 2502 affirmat
2203 2459 2323 2503 nos
2382 2459 2627 2514 omneS,
2686 2440 2797 2521 qui
2855 2440 3010 2522 bap-

620 2542 800 2605 tizati
846 2563 1070 2607 sumus
1117 2542 1184 2606 in
1230 2542 1494 2607 Christo
1537 2542 1714 2623 Jesu,
1761 2542 1829 2605 in
1872 2552 2148 2605 mortem
2194 2533 2397 2624 ipsius
2442 2542 2801 2626 baptizatos
2848 2564 3009 2621 esse,

624 2645 768 2709 licet
806 2666 1194 2726 cognoscere
1234 2646 1626 2728 baptismum
1665 2645 1867 2726 hujus
1908 2646 1999 2709 rei
2042 2645 2577 2727 significationem
2615 2647 2871 2723 habere,
2913 2648 3011 2710 ni-

621 2750 880 2824 mirum,
918 2760 989 2813 ut
1024 2750 1115 2813 ait
1151 2750 1323 2813 idem
1359 2750 1736 2832 Apostolus,
1775 2770 1894 2813 nos
1932 2750 2343 2831 consepultos
2380 2770 2522 2815 esse
2558 2770 2707 2813 cum
2746 2750 2856 2815 illo
2893 2772 3011 2833 per

621 2854 1012 2934 baptismum
1051 2853 1119 2916 in
1156 2853 1550 2917 mortem”⁵⁸.

708 2957 838 3022 Sed
881 2958 965 3020 ad
1005 2958 1334 3039 quodnam
1377 2956 1544 3038 signi
1585 2977 1792 3038 genus
1832 2956 2329 3021 adscribendum
2373 2967 2471 3021 est
2514 2965 3009 3032 sacramentum,

621 3061 771 3141 quia
812 3060 1000 3143 plura
1042 3062 1281 3124 dantur
1325 3060 1552 3142 signa?
1637 3062 1734 3124 Re
1778 3060 2039 3143 quidem
2080 3081 2237 3124 vera
2277 3061 2466 3142 plura
2508 3060 2747 3124 dantur
2789 3060 3007 3141 signa:

622 3165 747 3228 alia
789 3175 941 3229 sunt
985 3165 1325 3241 naturalia,
1368 3184 1533 3246 quae
1553 3162 1687 3239 'sc.,
1731 3185 1817 3228 ex
1862 3184 1981 3228 sua
2024 3172 2256 3228 natura
2301 3163 2544 3245 aliquid
2588 3164 2765 3227 aliud
2813 3163 3009 3244 signi-

621 3268 835 3342 ficant,
875 3277 1034 3349 puta
1077 3268 1300 3333 fumus
1341 3268 1592 3348 ignem;
1634 3268 1763 3332 alia
1802 3277 1954 3331 sunt
1995 3265 2357 3343 arbitraria,
2396 3286 2562 3349 quae
2605 3287 2714 3342 sc.,
2753 3276 3009 3332 tantum

621 3392 706 3435 ex
756 3381 953 3452 pacto
997 3372 1243 3453 aliquid
1295 3371 1680 3453 significant,
1733 3382 1806 3435 ut
1858 3372 2031 3436 oliva
2081 3391 2342 3453 pacem;
2394 3371 2521 3435 alia
2576 3382 2728 3435 sunt
2782 3371 3007 3448 mixta,

621 3495 786 3556 quae
837 3475 1141 3539 dicuntur
1191 3495 1289 3550 ea,
1339 3495 1508 3557 quae
1553 3475 1792 3557 partim
1843 3494 1929 3538 ex
1978 3496 2047 3539 se
2098 3475 2336 3556 partim
2388 3494 2473 3538 ex
2523 3484 2714 3556 pacto
2764 3475 3008 3556 aliquid

621 3578 948 3642 denotant.
1055 3579 1162 3642 Ex
1222 3580 1551 3643 communi
1614 3579 2066 3660 theologorum
2130 3598 2468 3652 consensu,
2534 3587 3009 3642 sacramentum

621 3682 950 3746 reducitur
988 3682 1410 3746 ad-ultimum
1452 3683 1618 3763 signi
1658 3703 1883 3764 genus,
1922 3682 2086 3746 adeo
2124 3692 2197 3746 ut
2238 3682 2341 3757 sit,
2381 3690 2576 3763 prout
2615 3681 2816 3762 Hayo
2857 3702 2896 3743 a
2934 3680 3005 3745 S.

626 3785 883 3849 Victore
928 3786 1232 3867 loquitur,
1275 3786 1401 3849 “ex
1443 3786 1795 3850 similitude
1838 3794 2329 3867 repraesentans
2370 3795 2434 3848 et
2470 3766 2561 3847 ⁸ex
2605 3784 3007 3847 institutione

621 3888 989 3969 significans
1031 3900 1096 3953 et
1135 3911 1220 3953 ex
1262 3889 1769 3954 sanctificatione
1810 3889 2146 3954 continens
2190 3888 2470 3969 aliquem
2515 3886 2898 3951 invisibilem
2944 3897 3007 3950 et

619 3992 1019 4073 spiritualem
1049 3992 1444 4074 gratiam”⁵⁹,
1475 4003 1539 4056 et
1569 4014 1699 4057 non
1725 4002 1981 4057 tantum
2012 3991 2369 4066 continens,
2402 3991 2515 4056 sed
2546 4001 2610 4054 et
2642 3990 3007 4072 conferens.

689 4093 1198 4159 Sacramentum
1250 4106 1349 4159 est
1404 4096 1661 4177 signum
1713 4095 2033 4171 sensibile,
2085 4094 2333 4177 gratiae
2388 4092 2886 4175 significativum
2943 4101 3007 4154 et

618 4197 1092 4277 productivum.
1177 4198 1599 4280 Adjectivum
1641 4198 2024 4263 “sensibile''
2066 4196 2533 4280 pleonasticum
2575 4205 2693 4273 est,
2734 4195 3006 4276 ideoque

621 4300 838 4365 stricte
874 4302 1194 4382 loquendo
1228 4323 1359 4367 non
1394 4302 1744 4383 requiritur
1778 4303 1862 4366 ad
1896 4302 2374 4376 definitionem;
2410 4301 2524 4363 sed
2559 4300 2835 4366 additur>
2855 4319 3007 4362 con-

701 4456 760 4495 56
778 4456 1002 4513 Catech.
1045 4458 1223 4524 Rom„
1265 4458 1328 4514 P.
1372 4459 1448 4524 11,
1488 4476 1605 4525 cap.
1647 4460 1691 4525 1,
1731 4478 1785 4515 n.
1825 4461 1874 4515 5.

701 4524 916 4581 ⁵⁷1-bid.
957 4544 1010 4580 n.
1041 4528 1096 4581 6.
1689 4536 1692 4539 ’

699 4592 916 4649 ⁶81bid.
948 4594 994 4649 7.

697 4659 754 4698 ⁵⁹
770 4662 942 4727 Apud
985 4662 1332 4731 Tanquerey,
1375 4665 1463 4721 De
1505 4664 1753 4720 Sacram.
1797 4664 1856 4721 in
1896 4628 2117 4732 genere,
2157 4655 2282 4733 pag.
2330 4666 2440 4731 185,
2484 4665 2614 4720 edit.
2660 4666 2737 4720 14.
