3509 5267
529 486 612 562 62
835 486 936 548 De
973 483 1270 548 Clavium
1305 481 1660 567 Potestatis
1695 481 2065 546 Existentia
2099 482 2317 563 Atque
2354 482 2633 546 Natura.

531 670 862 751 challenge
907 668 1018 732 the
1065 666 1357 732 doctrine
1402 666 1477 731 of
1523 666 1850 731 auricular
1896 665 2274 731 confession
2321 666 2451 730 and
2496 666 2766 749 priestly
2812 667 2927 730 ab·

532 770 815 836 solution
857 790 945 835 on
987 790 1030 833 a
1069 769 1276 853 priori
1308 758 1625 851 'grounds
1669 790 1742 833 as
1787 768 1844 833 it·
1876 768 1941 859 ⁴it
1984 788 2156 833 were
2200 769 2573 852 impossible
2622 768 2731 833 for
2776 768 2925 835 God

533 872 824 938 Himself
859 884 930 945 to
964 865 1175 937 inirest
1207 893 1292 952 an
1325 872 1522 937 order
1557 871 1632 953 of
1669 891 1819 935 men
1854 872 2015 935 with
2051 872 2211 937 such
2246 872 2646 954 stupendous
2678 891 2920 955 power.

533 975 642 1040 He
678 976 828 1040 who
863 996 985 1040 can
1017 974 1488 1040 communicate
1523 975 1634 1039 the
1669 974 1803 1056 gift
1836 974 1912 1039 of
1948 984 2225 1057 tongues
2261 975 2391 1039 and
2426 975 2755 1057 prophecy
2792 974 2922 1039 and

530 1077 790 1159 healing
829 1078 959 1142 and
1001 1077 1283 1153 miracle,
1325 1087 1561 1141 cannot
1602 1077 2025 1158 consistently
2066 1078 2145 1142 be
2190 1077 2507 1159 regarded
2546 1098 2620 1141 as
2663 1077 2925 1159 incapa-

530 1179 632 1245 ble
671 1180 747 1245 of
775 1171 1102 1269 ‘'deputing
1137 1181 1248 1244 the
1287 1181 1545 1263 ghostly
1590 1179 1889 1244 function
1930 1179 1997 1243 in
2038 1180 2355 1262 question.
2442 1180 2598 1243 And
2644 1179 2921 1254 further,

533 1283 566 1346 I
616 1293 854 1348 cannot
904 1282 1185 1364 imagine
1236 1303 1322 1347 on
1373 1284 1484 1347 the
1537 1282 1945 1365 supposition
1995 1282 2138 1347 that
2190 1283 2349 1347 such
2400 1283 2730 1364 authority
2784 1304 2923 1347 was

529 1385 827 1449 confided
871 1396 941 1450 to
985 1387 1219 1449 mortal
1265 1405 1434 1460 men,
1483 1386 1532 1450 it
1574 1386 1769 1450 could
1812 1386 1978 1450 have
2023 1386 2186 1449 been
2229 1386 2560 1468 conveyed
2607 1386 2676 1448 in
2718 1374 2923 1449 terms

530 1508 712 1552 more
759 1488 1007 1570 precise
1055 1480 1132 1552 or
1178 1508 1359 1552 more
1409 1488 1825 1571 appropriate
1872 1489 2033 1551 than
2078 1489 2265 1553 those
2315 1508 2464 1552 now
2513 1488 2721 1552 under
2768 1510 2921 1551 con-

531 1590 903 1655 sideration.
996 1590 1209 1655 These
1257 1591 1668 1655 concessions
1719 1591 1752 1654 Ι
1802 1592 1990 1671 make
2038 1591 2313 1655 without
2364 1611 2621 1655 reserve
2670 1612 2743 1655 as
2795 1591 2921 1655 due

443 1697 452 1709 '
530 1692 598 1756 in
655 1693 741 1756 all
798 1693 1043 1757 candor
1098 1704 1170 1757 to
1225 1694 1336 1757 the
1397 1693 1997 1767 Confessionalists,
2058 1694 2387 1758 whatever
2447 1713 2921 1775 consequences

529 1797 683 1877 they
717 1816 867 1877 may
901 1796 980 1860 be
1019 1795 1343 1878 supposed
1380 1807 1449 1860 to
1486 1796 1804 1860 involve''.
1886 1796 2088 1861 Hisce
2124 1797 2339 1861 verbis
2380 1796 2452 1861 F.
2496 1797 2734 1860 Mellor
2770 1817 2921 1859 can-

531 1897 680 1963 dide
734 1897 979 1975 fatetur
1027 1899 1240 1962 Deum
1287 1908 1477 1979 posse
1529 1899 1931 1963 committere
1981 1899 2171 1963 alicui
2222 1910 2608 1981 potestatem
2658 1910 2922 1981 peccata

530 1994 932 2077 dimittendi3
963 2020 1173 2083 capax
1205 2001 1379 2065 enim
1410 2012 1526 2066 est.
1603 2001 1897 2067 Candide
1931 2003 2125 2073 etiam
2162 2002 2408 2066 fatetur
2442 2003 2656 2067 Deum
2690 2002 2921 2082 hujus-

529 2103 704 2167 modi
744 2112 1130 2184 potestatem
1169 2103 1535 2181 contulisse,
1574 2115 1638 2167 et
1677 2105 1939 2186 quidem
1976 2104 2270 2169 terminis
2307 2105 2471 2169 adeo
2510 2104 2818 2185 praecisis
2855 2115 2919 2168 et

530 2204 962 2285 appropriatis
1003 2217 1075 2270 ut
1115 2206 1414 2271 meliores
1456 2207 1636 2289 seligi
1679 2227 1812 2271 non
1853 2217 2137 2288 possent.
2225 2206 2333 2272 Sic
2376 2208 2492 2272 Dr.
2540 2207 2778 2271 Mellor
2822 2227 2920 2269 re-

534 2306 793 2382 futavit,
841 2308 988 2371 licet
1035 2309 1523 2386 inconscienter,
1573 2310 1795 2373 Drem.
1847 2310 1999 2384 Lea,
2047 2309 2157 2390 qui
2208 2310 2363 2373 dicit
2412 2309 2680 2374 modum
2726 2310 2921 2373 colla-

529 2409 726 2474 tionis
780 2412 968 2475 valde
1025 2411 1516 2493 imperfectum:
1618 2412 1874 2476 “There
1933 2412 1987 2477 is
2042 2434 2081 2477 a
2138 2412 2389 2477 serious
2445 2412 2795 2495 deficiency
2852 2412 2919 2474 in

528 2512 637 2577 the
674 2513 926 2594 grant'’.
2640 2528 2643 2530 ’

614 2641 934 2714 Dominus
979 2662 1135 2722 ergo
1161 2642 1359 2723 ,prius
1402 2641 1736 2705 constituit
1779 2641 2133 2723 Apostolos
2180 2663 2331 2707 suos
2378 2642 2660 2723 Legatos.
2705 2643 2919 2723 quoad

531 2743 749 2807 omnia
795 2742 1054 2824 negotia
1101 2744 1462 2808 Ecclesiae:
1554 2742 1782 2807 “Sicut
1829 2744 2005 2807 misit
2054 2765 2158 2808 me
2208 2744 2405 2807 Pater
2450 2755 2514 2827 et
2562 2765 2683 2827 ego
2730 2744 2919 2808 mitto

528 2845 707 2910 vos”.
807 2845 1059 2909 Deinde
1115 2846 1478 2927 specialiter
1535 2846 1626 2909 eis
1686 2846 2031 2923 committit
2087 2866 2324 2910 munus
2380 2856 2643 2928 peccata
2667 2846 2919 2934 ..remit-

529 2948 726 3024 tendi,
771 2958 1116 3030 postquam
1162 2949 1256 3013 eis
1306 2949 1622 3031 Spiritum
1673 2949 1984 3013 Sanctum
2031 2936 2337 3013 contulit:
2430 2948 2773 3031 “Quorum
2820 2970 2919 3034 reff-

526 3051 832 3115 miseritis
877 3037 1138 3132 peccata
1185 3101 1198 3115 .
1249 3102 1263 3115 .
1311 3051 1387 3116 .'’.
1479 3051 1609 3116 Sed
1654 3053 1962 3133 quoniam
2007 3073 2141 3115 vox
2186 3052 2602 3133 “peccatum”
2650 3051 2919 3139 diversi-

527 3155 719 3217 mode
751 3154 1028 3230 sumitur
1060 3154 1126 3216 in
1159 3155 1360 3219 sacris
1392 3154 1677 3229 Litteris,
1710 3155 1974 3236 expedit
2007 3155 2196 3218 valde
2228 3164 2301 3217 ut
2334 3164 2657 3218 statuatur
2690 3174 2917 3217 sensus

528 3277 658 3337 quo
705 3255 983 3319 sumitur
1025 3257 1328 3338 praefata
1370 3259 1550 3321 v0x⁴.
1644 3257 1991 3321 Peccatum
2038 3256 2211 3320 enim
2259 3256 2623 3338 significare
2669 3265 2916 3339 potest:

531 3358 605 3438 1)
651 3359 1042 3439 sacrificium
1075 3379 1197 3440 pro
1235 3369 1534 3440 peccato;
1589 3359 1665 3439 2)
1724 3359 1968 3422 fomem
2013 3359 2257 3440 peccati
2304 3380 2418 3423 seu
2464 3358 2917 3439 concupiscen-

531 3460 724 3537 tiam,·
773 3460 848 3540 3)
907 3471 1158 3525 reatum
1208 3464 1470 3542 culpae,·
1515 3460 1592 3542 4)
1653 3471 1905 3525 reatum
1955 3470 2220 3541 poenae.
2312 3460 2468 3542 Quo
2518 3481 2689 3542 ergo.
2724 3480 2917 3541 sensu

529 3564 611 3628 D.
649 3564 734 3627 N.
767 3564 959 3645 Jesus
994 3555 1292 3628 Christus
1321 3563 1612 3645 ‘loquitur
1646 3564 1726 3628 de
1761 3575 2025 3645 peccato
2059 3564 2128 3627 in
2160 3564 2284 3629 hoc
2320 3564 2495 3628 loco:
2574 3562 2918 3644 “Quorum

529 3658 906 3731 remiseritis
958 3677 1220 3753 peccata
1266 3716 1280 3741 .
1328 3716 1342 3730 .
1391 3666 1449 3731 .''
1465 3665 1644 3730 ?—N
1649 3688 1734 3730 on
1788 3666 2074 3749 loquitur
2128 3666 2209 3731 de
2262 3676 2546 3747 peccam,
2600 3662 2917 3751 quatenus

528 3761 918 3849 sacrificium
961 3789 1083 3859 pro
1127 3780 1392 3851 peccato
1441 3769 1781 3851 significat,
1828 3769 2117 3851 praecise
2162 3769 2315 3851 quia
2361 3768 2749 3854 sacrificium
2797 3786 2918 3849 pro

526 3881 790 3961 peccato
831 3892 962 3935 non
1001 3882 1215 3954 potest
1259 3872 1499 3935 remitti
1540 3882 1654 3954 aut
1695 3871 1979 3947 retineri,
2020 3892 2098 3936 eo
2140 3892 2334 3935 sensu
2378 3872 2498 3936 sub
2539 3891 2669 3953 quo
2714 3870 2918 3953 loqui-

527 3995 694 4037 mur.
785 3973 1084 4039 Christus
1129 3973 1391 4055 quidem
1436 3974 1717 4039 abolevit
1763 3974 1873 4038 illa
1919 3973 2234 4038 sacrificia
2278 3978 2399 4055 pro
2448 3974 2642 4037 Novo
2690 3973 2918 4036 Testa-

528 4086 767 4151 ment0,
819 4076 933 4140 sed
984 4097 1063 4140 eo
1113 4086 1368 4141 tantum
1417 4079 1614 4142 modo
1665 4097 1796 4159 quo
1847 4076 2087 4141 fiebant
2137 4076 2205 4140 in
2256 4076 2481 4140 Veteri
2539 4076 2747 4157 Lege;
2802 4073 2919 4154 Se-

527 4169 741 4260 ipsum
775 4179 948 4242 enim
981 4180 1317 4243 constituit
1353 4179 1740 4244 sacrificium
1776 4189 2073 4244 nostrum
2108 4178 2177 4242 in
2214 4179 2408 4243 Novo
2444 4168 2751 4242 Foedere.
2831 4175 2919 4239 Et

526 4281 649 4345 hoc
693 4280 1080 4346 sacrificium
1125 4302 1244 4346 nec
1288 4282 1528 4346 remitti
1572 4303 1690 4359 nec
1735 4282 1999 4346 retineri
2041 4281 2504 4364 potest.—Nec
2546 4279 2918 4343 intendebat

529 4384 703 4465 loqui
749 4384 1071 4448 Dominus
1115 4386 1196 4449 de
1235 4395 1524 4467 peccato,
1567 4395 1887 4467 quatenus
1932 4383 2253 4465 significat
2300 4379 2921 4464 concupiscentiam;

608 4566 780 4623 4Cfr.
817 4569 1250 4633 Pohle-PreuSS,
1287 4570 1491 4635 Dogm.
1528 4569 1740 4634 Theol.‚
1781 4568 1903 4623 The
1940 4569 2313 4632 SacramentS‚
2348 4567 2459 4622 vol.
2497 4566 2605 4629 ΙΙΙ,
2642 4565 2917 4627 Penance,

525 4666 651 4717 pag.
687 4652 751 4705 12
784 4670 876 4716 ss.,‚
906 4652 1148 4717 Herder,
1187 4652 1330 4705 1917.
