3509 5267
514 535 603 599 76
824 535 925 599 De
965 534 1020 599 C
1020 533 1263 598 lovium
1294 535 1649 600 Potes-tatis
1683 533 2056 600 Existentia
2088 535 2308 616 Atque
2343 536 2622 601 Natura.

524 719 815 784 “Euntes
866 737 1022 801 ergo
1071 718 1296 783 docete
1346 738 1571 782 omnes
1622 727 1867 799 gentes,
1918 717 2319 800 baptizantes
2371 739 2483 783 eos
2535 718 2603 782 in
2653 719 2916 784 nomine

526 821 762 898 Patris,
820 831 885 884 et
942 820 1090 884 Filii
1145 831 1211 884 et
1271 820 1552 902 Spiritus
1612 819 2085 885 Sancti'’.—De
2142 820 2551 885 Poenitentia
2605 842 2786 897 ver0,
2842 832 2916 887 ut

524 924 781 1005 saepius
816 923 1205 998 audivimus,
1246 924 1566 988 Dominus
1604 923 1795 988 dicit:
1876 923 2178 1005 Quorum
2217 924 2595 989 remiseritis
2630 934 2914 1006 peccata,

522 1036 641 1092 etc.
729 1026 1190 1091 Adhibendum
1233 1037 1331 1091 est
1374 1047 1531 1108 ergo
1572 1027 1835 1108 aliquod
1875 1027 2148 1091 verbum
2190 1027 2366 1109 quod
2409 1022 2646 1092 indicet
2690 1027 2916 1092 remis-

523 1129 772 1194 sionem
812 1129 1008 1204 illam,
1048 1152 1109 1194 v.
1149 1151 1233 1211 g.,
1273 1130 1539 1193 absolvo
1576 1141 1643 1194 te
1682 1150 1721 1193 a
1758 1128 2039 1212 peccatis
2078 1129 2247 1206 tuis;
2286 1129 2520 1211 quibus
2560 1130 2776 1195 verbis
2818 1131 2916 1193 in-

522 1231 777 1296 dicatur
816 1243 881 1296 et
921 1232 1194 1296 materia
1234 1242 1298 1297 et
1345 1231 1579 1297 forma.

610 1340 695 1404 N.
742 1335 1223 1402 B.—-Nonnulli
1264 1335 1630 1411 thomistae,
1673 1355 1734 1400 v,
1780 1355 1863 1418 g„
1914 1334 2159 1410 Viv0⁸⁸,
2203 1335 2323 1400 sibi
2367 1343 2738 1400 constantes
2783 1354 2917 1398 non

524 1452 677 1508 sunt
723 1441 923 1506 relate
967 1440 1053 1504 ad
1098 1439 1437 1504 materiam
1482 1437 1874 1520 proximam,
1920 1448 1994 1503 ut
2039 1438 2282 1514 dicunt,
2331 1439 2716 1502 sacramenti
2761 1458 2916 1521 poe-

524 1545 851 1608 nitentiae.
933 1542 1219 1624 Quando
1248 1531 1430 1606 'enim
1468 1552 1669 1622 agunt
1708 1550 1938 1605 contra
1978 1540 2294 1606 Scotistas
2333 1541 2414 1605 de
2453 1541 2725 1606 materia
2765 1562 2917 1624 pro-

523 1649 722 1723 xima,
770 1655 990 1711 tenent
1039 1666 1160 1728 pro
1207 1645 1339 1709 aris
1387 1655 1451 1708 et
1504 1644 1669 1709 focis
1716 1654 1901 1708 actus
1949 1644 2338 1726 poenitentis
2386 1665 2528 1709 esse
2576 1643 2916 1708 materiam

524 1750 785 1834 proprie
832 1748 1107 1825 dictam;
1152 1747 1413 1829 quando
1458 1767 1616 1812 vero
1661 1757 1865 1828 agunt
1911 1756 2138 1812 contra
2182 1756 2637 1829 protestantes,
2685 1746 2800 1828 huj
2808 1767 2917 1810 us-

524 1853 700 1916 modi
742 1862 926 1916 actus
967 1861 1202 1916 vocant
1243 1850 1581 1915 materiam
1624 1872 1754 1915 non
1797 1848 2060 1932 proprie
2102 1849 2361 1927 dictam,
2406 1850 2520 1914 sed
2563 1850 2916 1932 quasi-ma-

525 1956 755 2019 teriam
791 1955 895 2018 vel
931 1953 1406 2036 dispositiones.
1490 1953 1621 2017 Hic
1659 1953 1893 2034 agendi
1934 1953 2167 2018 modus
2207 1973 2339 2018 non
2378 1954 2606 2035 placet,
2647 1953 2800 2035 quia
2836 1952 2917 2015 de

530 2057 720 2123 facile
761 2056 1081 2121 confundi
1124 2065 1357 2138 potest,
1397 2057 1782 2138 praesertim
1827 2077 1866 2120 a
1908 2055 2268 2139 tyronibus,
2312 2056 2606 2138 quaestio
2650 2056 2917 2138 dogma-

524 2161 649 2224 tice
688 2160 952 2224 definita
990 2170 1217 2223 contra
1255 2169 1688 2241 protestantes
1727 2181 1878 2223 cum
1918 2159 2295 2241 quaestione
2335 2159 2708 2241 disputabili
2748 2159 2920 2223 inter

525 2262 879 2344 theologos,
966 2263 1116 2327 Hoc
1158 2282 1348 2326 nemo
1388 2282 1521 2326 non
1560 2262 1738 2326 videt
1780 2263 2238 2328 inconveniens
2280 2282 2457 2338 esse;
2500 2262 2773 2344 ideoque
2813 2283 2918 2327 ar-

524 2376 833 2447 gumenta
876 2366 1274 2429 desumenda
1319 2376 1470 2430 sunt
1514 2386 1599 2429 ex
1649 2364 1942 2430 fontibus
1988 2365 2200 2430 certis.

622 2474 733 2555 (b)
795 2474 949 2538 Alia
1001 2474 1373 2539 differentia
1426 2475 1596 2538 inter
1647 2474 2040 2556 baptismum
2093 2486 2158 2539 et
2209 2475 2674 2557 poenitentiam
2729 2475 2918 2539 desu-

526 2577 725 2641 mitur
761 2599 846 2642 ex
884 2577 1221 2642 collatione
1258 2586 1653 2659 potestatum
1690 2578 2060 2660 baptizandi
2098 2587 2164 2642 et
2203 2577 2918 2659 remittendi—Quoad

523 2680 916 2762 baptismum
955 2680 1277 2745 Dominus
1312 2680 1688 2762 simpliciter
1722 2681 2060 2762 Apostolis
2099 2680 2416 2763 injungit:
2480 2681 2922 2762 Baptizate.——

525 2782 764 2864 Quoad
795 2782 1259 2865 poenitentiam
1294 2803 1452 2846 vero
1484 2783 1672 2863 plura
1712 2781 1905 2846 facit:
1941 2783 2123 2864 prius
2157 2783 2478 2864 promittit
2511 2791 2918 2866 potestatem,

525 2895 718 2966 atque
742 2893 968 2967 postea
993 2885 1253 2949 confert
1279 2886 1590 2949 eamdem.
1621 2885 1919 2950 Potestas
1946 2885 2312 2967 baptizandi
2341 2896 2439 2950 est
2467 2887 2743 2968 simplex
2762 2906 2781 2961 ;
2803 2904 2919 2967 po-

527 2998 727 3051 testas
773 2998 991 3052 autem
1039 2988 1407 3052 remittendi
1455 2987 1697 3069 duplex
1743 2999 1876 3052 est:
1925 2999 2038 3052 aut
2084 2989 2412 3052 remittere
2459 2999 2574 3053 aut
2621 2989 2916 3053 retinere.

528 3090 707 3171 Ergo
754 3091 926 3154 clare
973 3100 1151 3172 patet
1200 3090 1555 3155 Dominum
1606 3091 1960 3156 intendisse
2009 3091 2301 3156 diversas
2351 3091 2687 3174 Apostolis
2735 3101 2919 3173 pote-

530 3202 728 3257 states
776 3214 894 3274 per
943 3192 1086 3257 illos
1135 3203 1318 3258 actus
1369 3194 1661 3258 diversos
1711 3194 2038 3270 conferre,
2089 3194 2214 3258 nisi
2265 3195 2410 3277 quis
2472 3194 2684 3276 (quod
2739 3195 2918 3258 Deus

527 3305 779 3359 avertat
799 3295 851 3375 !)
932 3295 1145 3359 dicere
1213 3296 1367 3359 velit
1436 3296 1792 3360 Dominum
1860 3297 2081 3378 jocum
2155 3297 2372 3360 facere
2441 3307 2556 3361 aut
2624 3296 2920 3378 decipere

527 3398 829 3462 voluisse.

621 3504 729 3586 (c)
781 3505 1155 3586 Baptismus
1196 3515 1259 3568 et
1298 3503 1694 3585 poenitentia
1734 3503 2050 3567 differunt
2090 3503 2285 3567 etiam
2327 3503 2577 3567 ratione
2619 3502 2916 3567 ministri.

526 3607 987 3689 -Baptismus
1032 3606 1321 3670 conferri
1364 3616 1577 3688 potest
1622 3626 1754 3670 non
1801 3605 2011 3670 solum
2057 3626 2097 3669 a
2143 3607 2496 3682 sacerdote,
2543 3606 2657 3670 sed
2700 3606 2918 3680 etiam,

529 3710 597 3773 in
628 3730 783 3774 casu
818 3709 1238 3783 necessitatiS,
1271 3730 1310 3772 a
1342 3729 1746 3790 quacumque
1780 3729 2059 3790 persona
2094 3709 2362 3774 rationis
2398 3728 2589 3773 usum
2624 3706 2918 3783 habente,

530 3812 725 3876 etiam
772 3833 811 3876 a
864 3811 1129 3875 femina.
1224 3812 1630 3875 Poenitentia
1678 3822 1896 3875 autem
1946 3812 2204 3876 nonnisi
2253 3833 2292 3876 a
2343 3811 2805 3886 sacerdotibuS,
2855 3819 2921 3874 et

530 3914 812 3996 quidem,
865 3935 998 3977 non
1047 3915 1129 3978 ab
1181 3897 1480 3978 omnibus
1544 3913 1854 3995 (excepto
1908 3914 2138 3978 mortis
2192 3915 2486 3990 articu10,
2539 3924 2693 3978 tunc
2746 3913 2919 3978 enim

528 4037 754 4082 omnes
794 4017 1160 4082 sacerdotes
1200 4017 1718 4097 jurisdictionem
1758 4016 2061 4097 habent),
2103 4018 2216 4081 sed
2254 4018 2336 4081 ab
2375 4018 2454 4081 iis
2494 4026 2769 4093 tantum,
2808 4015 2920 4098 qui

528 4120 1048 4201 jurisdictionem
1093 4120 1349 4183 habent.

624 4224 741 4306 (d)
811 4225 1145 4290 Differunt
1200 4225 1397 4289 etiam
1456 4225 1704 4289 ratione
1762 4227 1881 4290 sub
1883 4225 2521 4308 jecti.-—Baptismus
2579 4224 2921 4289 confertur

530 4327 897 4392 infidelibus
941 4338 1213 4392 tantum.
1305 4328 1711 4392 Poenitentia
1758 4328 2000 4392 Christi
2047 4328 2342 4392 fidelibus
2387 4329 2921 4410 tantum—Bap-

528 4431 762 4494 tismus
815 4429 1156 4495 confertur
1206 4431 1525 4505 omnibus,
1576 4432 1773 4495 etiam
1825 4431 2206 4495 infantibus.
2305 4431 2712 4494 Poenitentia
2764 4450 2920 4494 vero

528 4533 768 4598 adultis
802 4542 1076 4610 tantum,
1112 4544 1177 4598 et
1211 4534 1472 4615 quidem
1509 4534 1629 4598 rite
1666 4534 2018 4615 dispositis,
2100 4534 2296 4615 Ergo,

614 4699 670 4740 ⁸8
688 4701 1013 4767 Disputatio
1046 4703 1116 4758 de
1151 4703 1235 4758 Re
1268 4721 1517 4769 sacram„
1550 4712 1683 4760 tom.
1718 4705 1766 4769 3,
1800 4721 1925 4770 pag.
1960 4705 2043 4769 44,
2079 4703 2208 4760 edit.
2247 4703 2638 4769 Neapolitana,
2676 4703 2819 4758 1886.
