3509 5267
521 526 606 589 52
827 526 928 588 De
967 524 1265 588 Cluvium
1298 524 1653 589 Potestatis
1687 524 2061 588 Existentia
2090 525 2310 605 Atque
2346 525 2415 587 Ν
2418 534 2624 590 atara.

608 708 682 788 c)
746 706 881 771 Alii
936 707 1382 773 Protestantes
1436 717 1784 771 tenuerunt
1838 708 2035 771 verba
2091 707 2347 791 “Super
2402 708 2568 781 hanc
2622 710 2917 792 petram”

526 811 890 895 significare
927 831 1060 876 non
1095 831 1440 894 personam
1482 811 1682 887 Petri,
1720 812 1837 876 sed
1874 812 2023 892 ejus
2058 812 2275 893 fidem.
2358 812 2467 877 Ad
2504 815 2681 895 quod
2724 816 2915 880 susti-

525 915 810 979 nendum
852 914 1054 979 citant
1097 915 1328 979 Patres
1371 915 1536 989 illos,
1580 915 1691 996 qui
1736 915 2102 998 intelligunt
2146 936 2278 980 non
2322 936 2668 999 personam
2716 919 2915 993 Petri,

525 1018 640 1081 sed
681 1016 829 1099 ejus
873 1016 1371 1099 confessionem.

609 1126 1182 1207 Resp.—Persona
1241 1126 1420 1191 Petri
1476 1128 1889 1209 dessignatur
1944 1128 2334 1207 immediate,
2390 1138 2463 1201 ut
2520 1140 2775 1195 constat
2832 1150 2916 1193 ex

524 1228 826 1295 omnibus
871 1229 1373 1295 circumstantiis
1423 1230 1589 1295 sacri
1639 1241 1880 1295 textus.
1972 1232 2055 1295 M
2056 1232 2265 1297 ediate
2315 1241 2534 1297 autem
2585 1233 2916 1315 dessigna-

523 1341 632 1395 tur
675 1331 838 1397 fides
884 1352 998 1397 seu
1042 1332 1374 1398 confessio
1423 1332 1622 1408 Petri,
1668 1344 1988 1415 quatenus
2032 1345 2300 1417 propter
2344 1330 2514 1401 hanc
2556 1335 2753 1400 fide-m
2800 1356 2914 1401 seu

523 1433 1024 1509 confessionem,
1073 1434 1308 1499 Petrus
1358 1435 1858 1501 fundamentum
1906 1436 2234 1503 Ecclesiae
2279 1438 2741 1504 constituitur⁸.
2791 1440 2915 1503 Pa-

523 1546 657 1601 tres
702 1546 920 1601 tamen
966 1557 1097 1601 non
1143 1538 1560 1603 excluserunt
1603 1558 1951 1621 personam
2000 1541 2200 1615 Petri,
2250 1542 2363 1605 sed
2410 1540 2557 1623 ejus
2604 1540 2799 1605 fidem
2848 1542 2915 1605 in

523 1638 929 1714 divinitatem
964 1639 1206 1705 Christi
1238 1641 1590 1716 adducunt,
1624 1653 1696 1706 ut
1728 1642 1897 1706 hanc
1930 1642 2336 1707 divinitatem
2368 1654 2597 1709 contra
2630 1644 2914 1709 Arianos

524 1742 986 1807 demonstrent.

610 1858 735 1922 111.
768 1895 856 1906 —
885 1858 1140 1924 Suntne
1192 1859 1495 1941 yenuina,
1551 1882 1632 1923 an
1687 1882 1845 1926 vero
1900 1862 2290 1944 interpolata
2343 1863 2455 1928 illa
2510 1867 2728 1941 verba,
2785 1865 2914 1929 “Et

527 1950 644 2023 tibi
691 1960 858 2025 dabo
904 2010 919 2025 .
966 2011 980 2025 .
1029 2011 1042 2026 .
1091 2012 1105 2026 .
1149 1963 1438 2027 solutum
1483 1963 1553 2026 in
1605 1964 1885 2029 caelis''?

608 2061 972 2127 Autumant
1019 2064 1406 2147 interpolata
1451 2087 1593 2131 esse
1639 2068 1932 2130 nonnulli
1982 2068 2279 2133 liberales
2322 2079 2388 2134 et
2433 2070 2725 2135 nonnulli
2775 2090 2913 2135 mo-

524 2165 868 2229 dernistae.
967 2165 1100 2230 Sed
1151 2168 1346 2231 ceteri
1399 2188 1626 2233 omnes
1680 2180 1989 2252 exegetae
2044 2171 2364 2236 sustinent
2418 2171 2699 2254 genuina
2751 2193 2912 2238 esse.

524 2265 611 2331 Et
653 2267 820 2332 ratio
864 2278 981 2344 est,
1024 2269 1176 2350 quia
1219 2270 1417 2335 “haec
1459 2272 1658 2335 verba
1699 2291 1832 2335 non
1876 2274 2087 2337 solum
2130 2274 2198 2337 in
2242 2272 2542 2340 omnibus
2583 2274 2913 2340 codicibus

524 2369 960 2446 inveniuntur,
1002 2373 1116 2436 sed
1154 2372 1396 2455 absque
1437 2375 1863 2440 haesitatione
1904 2376 2266 2457 allegantur
2308 2378 2390 2441 ab
2436 2378 2718 2460 Origene
2773 2379 2910 2461 (ap.

524 2471 898 2549 Eusebium,
950 2474 1040 2538 H.
1091 2474 1168 2539 E.
1222 2476 1342 2551 VI,
1394 2480 1494 2551 25,
1548 2478 1654 2557 8),
1704 2488 1769 2542 et
1826 2478 2223 2555 Tertulliano
2286 2479 2423 2559 (De
2479 2480 2754 2545 Pudicit.
2808 2485 2911 2556 22,

521 2595 772 2639 necnon
807 2577 983 2658 apud
1018 2577 1119 2641 De
1155 2578 1590 2653 AleatoribuS‚
1626 2601 1680 2643 c.
1720 2581 1750 2643 I
1764 2580 1790 2660 )
1804 2632 1819 2657 ‚
1857 2592 1921 2645 et
1958 2582 2215 2646 Tatiani
2253 2582 2697 2661 Diatessaron,
2736 2584 2912 2648 ideo-

521 2699 645 2759 que
680 2679 761 2743 ab
797 2678 1086 2744 Ecclesia
1123 2690 1263 2745 tum
1297 2703 1529 2763 graeca
1565 2693 1705 2747 tum
1742 2684 1943 2747 latina
1980 2684 2165 2749 initio
2204 2685 2442 2751 saeculi
2478 2685 2674 2761 tertii,
2712 2686 2913 2751 immo

521 2789 799 2845 exeunte
854 2783 1111 2847 saeculo
1163 2785 1468 2859 secundo,
1520 2796 1873 2867 tamquam⁴
1908 2788 2189 2869 genuina
2244 2788 2678 2853 habebantur:
2734 2790 2910 2871 quod

519 2884 830 2965 explicari
877 2886 1119 2967 nequit,
1165 2886 1219 2950 si
1268 2898 1557 2951 recenter
1606 2887 1887 2954 fuissent
1932 2890 2407 2973 interpolatam.

603 2998 760 3078 Obj.
804 2997 1212 3063 I.-—Mareus
1251 3008 1316 3062 et
1355 2999 1566 3063 Lucas
1603 2998 1712 3062 illa
1748 2998 1951 3062 verba
1988 3017 2119 3060 non
2158 2998 2378 3062 citant.

603 3108 1136 3189 Resp.—Eorum
1191 3108 1518 3173 silentium
1569 3108 1659 3171 nil
1711 3108 1962 3184 obstat;
2014 3108 2167 3188 quia
2218 3128 2350 3171 non
2402 3107 2637 3189 singuli
2693 3106 2909 3170 Evan-

517 3210 784 3291 gelistae
828 3209 1080 3291 singula
1124 3211 1428 3293 Magistri
1470 3211 1668 3275 verba
1711 3210 2028 3275 referunt.

603 3318 760 3400 obj.
799 3320 1348 3385 II.-“Ecclesia”
1383 3332 1480 3385 est
1515 3341 1648 3385 vox
1682 3321 1965 3403 paulina.
2044 3320 2225 3402 Ergo
2263 3319 2561 3385 Christus
2595 3339 2741 3383 eam
2778 3338 2909 3382 non

516 3422 729 3504 potuit
763 3422 1088 3487 adhibere.

601 3526 970 3608 Resp.—-S..
1018 3525 1261 3590 Paulus
1321 3526 1582 3608 quidem
1644 3545 1835 3607 saepe
1898 3526 2153 3607 saepius
2215 3525 2476 3589 adhibet
2538 3523 2907 3608 praefatam

516 3649 763 3704 vocem,
809 3629 924 3692 sed
970 3649 1102 3692 non
1145 3638 1243 3693 est
1288 3628 1435 3710 ejus
1478 3628 1799 3704 inventor,
1845 3649 1994 3692 cum
2040 3628 2177 3709 jam
2225 3627 2654 3709 Septuayinta
2699 3626 2907 3708 ipsam

516 3751 744 3796 vocem
789 3730 1200 3795 adhibuerint
1247 3732 1332 3795 ad
1379 3731 1851 3813 designandum
1900 3742 2155 3795 coetum
2207 3731 2583 3812 religiosum
2626 3730 2907 3811 Judaeo-

517 3854 682 3898 rum.
765 3834 946 3897 Nihil
984 3854 1140 3915 ergo
1177 3833 1444 3916 impedit
1481 3834 1828 3915 quominus
1867 3834 2189 3897 Dominus
2226 3832 2593 3897 adhibuerit
2630 3833 2907 3912 analogo

517 3957 710 4002 sensu
749 3936 832 4000 ad
872 3936 1376 4018 dessignandum
1419 3957 1608 4001 suum
1644 3936 1983 4019 proprium
2021 3945 2295 4000 coetum.

600 4045 757 4127 Obj.
802 4046 1346 4111 III.--Primatus
1385 4046 1564 4109 Petri
1602 4056 1795 4127 atque
1835 4045 2302 4110 ecclesiasticae
2343 4043 2769 4109 Hierarchiae
2808 4043 2905 4106 in-

514 4145 767 4213 stitutio
808 4148 1066 4213 nonnisi
1107 4150 1365 4213 saeculo
1407 4150 1692 4214 secundo
1737 4148 2043 4212 affirmari
2088 4148 2317 4229 coepit.

597 4258 1031 4339 Resp.—-Hoc
1074 4269 1395 4322 assertum
1444 4258 1686 4323 falsum
1730 4259 1995 4323 omnino
2041 4268 2158 4332 est,
2203 4267 2275 4321 ut
2319 4256 2595 4340 probant
2641 4254 2724 4319 A.
2775 4254 2905 4318 Mi·

513 4358 734 4435 chiels,
784 4360 1113 4442 L'oriqine
1166 4362 1245 4425 de
1300 4350 1692 4442 l'episcopat,
1746 4361 2063 4434 Louvain,
2122 4363 2303 4435 1900,
2356 4369 2421 4422 et
2479 4357 2553 4423 P.
2613 4356 2902 4431 Batiffol‚

513 4462 812 4543 L’Eylise
856 4461 1182 4529 naissante
1225 4472 1288 4527 et
1330 4466 1388 4528 le
1434 4464 1872 4539 Catholici-rm,
1919 4462 2126 4537 Paris,
2176 4465 2355 4526 1909.

594 4622 764 4678 ⁶Cfr.
806 4622 1234 4689 Knabenbauer,
1274 4624 1488 4691 Evang.
1529 4586 1634 4679 sec.
1676 4623 1780 4679 Mt.
1822 4624 1880 4678 in
1918 4624 1970 4680 h.
2016 4625 2075 4688 1.,
2114 4639 2238 4689 pag.
2278 4622 2345 4675 56
2386 4640 2456 4676 ss.

595 4696 622 4735 ⁷
641 4694 990 4764 Ta'nquerey,
1031 4699 1227 4755 Theoi.
1269 4699 1652 4764 Fundament.,
1695 4699 1825 4753 edit.
1869 4700 1946 4763 15,
1986 4716 2109 4764 pag.
2150 4698 2265 4763 383,
2305 4706 2440 4752 nota
2478 4696 2526 4751 3.
