<?xml version="1.0" encoding="UTF-8"?>
<!DOCTYPE html PUBLIC "-//W3C//DTD XHTML 1.0 Transitional//EN"
    "http://www.w3.org/TR/xhtml1/DTD/xhtml1-transitional.dtd">
<html xmlns="http://www.w3.org/1999/xhtml" xml:lang="en" lang="en">
 <head>
  <title>
</title>
<meta http-equiv="Content-Type" content="text/html;charset=utf-8" />
  <meta name='ocr-system' content='tesseract 3.04.00' />
  <meta name='ocr-capabilities' content='ocr_page ocr_carea ocr_par ocr_line ocrx_word'/>
</head>
<body>
  <div class='ocr_page' id='page_1' title='image "./declaviumpotest00villgoog_0139.png"; bbox 0 0 3509 5267; ppageno 0'>
   <div class='ocr_carea' id='block_1_1' title="bbox 892 509 2994 593">
    <p class='ocr_par' dir='ltr' id='par_1_1' title="bbox 892 509 2994 593">
     <span class='ocr_line' id='line_1_1' title="bbox 892 509 2994 593; baseline 0.003 -21"><span class='ocrx_word' id='word_1_1' title='bbox 892 511 993 574; x_wconf 86' lang='lat' dir='ltr'>De</span> <span class='ocrx_word' id='word_1_2' title='bbox 1033 509 1089 573; x_wconf 84' lang='lat' dir='ltr'>C</span> <span class='ocrx_word' id='word_1_3' title='bbox 1088 509 1330 574; x_wconf 75' lang='lat' dir='ltr'>lovium</span> <span class='ocrx_word' id='word_1_4' title='bbox 1363 511 1719 576; x_wconf 65' lang='lat' dir='ltr'>Potestatis</span> <span class='ocrx_word' id='word_1_5' title='bbox 1752 509 2123 576; x_wconf 74' lang='lat' dir='ltr'>Existentia</span> <span class='ocrx_word' id='word_1_6' title='bbox 2157 511 2375 593; x_wconf 77' lang='lat' dir='ltr'>Atque</span> <span class='ocrx_word' id='word_1_7' title='bbox 2411 511 2690 578; x_wconf 78' lang='lat' dir='ltr'>Natura.</span> <span class='ocrx_word' id='word_1_8' title='bbox 2868 514 2994 578; x_wconf 78' lang='lat'>125</span> 
     </span>
    </p>
   </div>
   <div class='ocr_carea' id='block_1_2' title="bbox 593 691 2992 2141">
    <p class='ocr_par' dir='ltr' id='par_1_2' title="bbox 593 691 2992 2141">
     <span class='ocr_line' id='line_1_2' title="bbox 600 691 2992 774; baseline 0.003 -20"><span class='ocrx_word' id='word_1_9' title='bbox 600 691 727 755; x_wconf 90' lang='lat' dir='ltr'>seri</span> <span class='ocrx_word' id='word_1_10' title='bbox 774 741 789 755; x_wconf 91' lang='lat'><strong>.</strong></span> <span class='ocrx_word' id='word_1_11' title='bbox 835 742 850 756; x_wconf 88' lang='lat'><strong>.</strong></span> <span class='ocrx_word' id='word_1_12' title='bbox 898 741 913 755; x_wconf 91' lang='lat'><strong>.</strong></span> <span class='ocrx_word' id='word_1_13' title='bbox 1000 691 1057 757; x_wconf 88' lang='lat' dir='ltr'>C</span> <span class='ocrx_word' id='word_1_14' title='bbox 1057 691 1342 774; x_wconf 69' lang='lat' dir='ltr'>oltiqitur</span> <span class='ocrx_word' id='word_1_15' title='bbox 1380 701 1735 774; x_wconf 85' lang='lat' dir='ltr'>praeterea,</span> <span class='ocrx_word' id='word_1_16' title='bbox 1779 692 1974 756; x_wconf 91' lang='lat' dir='ltr'>etiam</span> <span class='ocrx_word' id='word_1_17' title='bbox 2015 713 2126 758; x_wconf 91' lang='lat' dir='ltr'>eas</span> <span class='ocrx_word' id='word_1_18' title='bbox 2167 693 2685 762; x_wconf 82' lang='lat' dir='ltr'>circumstantias</span> <span class='ocrx_word' id='word_1_19' title='bbox 2728 695 2796 759; x_wconf 90' lang='lat' dir='ltr'>in</span> <span class='ocrx_word' id='word_1_20' title='bbox 2838 716 2992 761; x_wconf 91' lang='lat' dir='ltr'>con·</span> 
     </span>
     <span class='ocr_line' id='line_1_3' title="bbox 605 795 2990 881; baseline 0.003 -23"><span class='ocrx_word' id='word_1_21' title='bbox 605 795 889 861; x_wconf 78' lang='lat' dir='ltr'>sessione</span> <span class='ocrx_word' id='word_1_22' title='bbox 960 795 1377 878; x_wconf 90' lang='lat' dir='ltr'>explicandas</span> <span class='ocrx_word' id='word_1_23' title='bbox 1450 816 1613 872; x_wconf 87' lang='lat' dir='ltr'>esse,</span> <span class='ocrx_word' id='word_1_24' title='bbox 1684 817 1850 879; x_wconf 91' lang='lat' dir='ltr'>quae</span> <span class='ocrx_word' id='word_1_25' title='bbox 1921 799 2200 880; x_wconf 88' lang='lat' dir='ltr'>speciem</span> <span class='ocrx_word' id='word_1_26' title='bbox 2271 799 2515 881; x_wconf 90' lang='lat' dir='ltr'>peccati</span> <span class='ocrx_word' id='word_1_27' title='bbox 2589 800 2990 865; x_wconf 79' lang='lat' dir='ltr'>mutant”¹⁸¹.</span> 
     </span>
     <span class='ocr_line' id='line_1_4' title="bbox 602 900 2990 987; baseline 0.003 -23"><span class='ocrx_word' id='word_1_28' title='bbox 602 901 851 965; x_wconf 89' lang='lat' dir='ltr'>Eodem</span> <span class='ocrx_word' id='word_1_29' title='bbox 899 901 1097 966; x_wconf 88' lang='lat' dir='ltr'>modo</span> <span class='ocrx_word' id='word_1_30' title='bbox 1146 923 1217 966; x_wconf 90' lang='lat' dir='ltr'>se</span> <span class='ocrx_word' id='word_1_31' title='bbox 1268 901 1576 984; x_wconf 84' lang='lat' dir='ltr'><strong>exprimit</strong></span> <span class='ocrx_word' id='word_1_32' title='bbox 1630 900 1697 966; x_wconf 89' lang='lat' dir='ltr'>S.</span> <span class='ocrx_word' id='word_1_33' title='bbox 1752 901 1973 977; x_wconf 69' lang='lat' dir='ltr'>Cone„</span> <span class='ocrx_word' id='word_1_34' title='bbox 2024 904 2284 984; x_wconf 84' lang='lat' dir='ltr'>quando</span> <span class='ocrx_word' id='word_1_35' title='bbox 2336 905 2622 985; x_wconf 89' lang='lat' dir='ltr'>loquitur</span> <span class='ocrx_word' id='word_1_36' title='bbox 2672 905 2753 969; x_wconf 90' lang='lat' dir='ltr'>de</span> <span class='ocrx_word' id='word_1_37' title='bbox 2802 925 2990 987; x_wconf 88' lang='lat' dir='ltr'>prae-</span> 
     </span>
     <span class='ocr_line' id='line_1_5' title="bbox 596 1006 2990 1094; baseline 0.001 -23"><span class='ocrx_word' id='word_1_38' title='bbox 596 1016 785 1089; x_wconf 89' lang='lat' dir='ltr'>cepto</span> <span class='ocrx_word' id='word_1_39' title='bbox 824 1007 1129 1089; x_wconf 88' lang='lat' dir='ltr'>imposito</span> <span class='ocrx_word' id='word_1_40' title='bbox 1167 1028 1207 1071; x_wconf 90' lang='lat' dir='ltr'>a</span> <span class='ocrx_word' id='word_1_41' title='bbox 1250 1006 1447 1071; x_wconf 87' lang='lat' dir='ltr'>Cone.</span> <span class='ocrx_word' id='word_1_42' title='bbox 1492 1007 1950 1073; x_wconf 87' lang='lat' dir='ltr'>Lateranensi:</span> <span class='ocrx_word' id='word_1_43' title='bbox 2035 1008 2308 1090; x_wconf 86' lang='lat' dir='ltr'>“Neque</span> <span class='ocrx_word' id='word_1_44' title='bbox 2349 1009 2523 1073; x_wconf 91' lang='lat' dir='ltr'>enim</span> <span class='ocrx_word' id='word_1_45' title='bbox 2563 1029 2682 1094; x_wconf 89' lang='lat' dir='ltr'>per</span> <span class='ocrx_word' id='word_1_46' title='bbox 2723 1009 2990 1074; x_wconf 88' lang='lat' dir='ltr'>Latera-</span> 
     </span>
     <span class='ocr_line' id='line_1_6' title="bbox 599 1111 2989 1197; baseline 0.001 -22"><span class='ocrx_word' id='word_1_47' title='bbox 599 1132 796 1176; x_wconf 89' lang='lat' dir='ltr'>nense</span> <span class='ocrx_word' id='word_1_48' title='bbox 840 1111 1185 1176; x_wconf 87' lang='lat' dir='ltr'>concilium</span> <span class='ocrx_word' id='word_1_49' title='bbox 1230 1112 1523 1177; x_wconf 77' lang='lat' dir='ltr'>Ecclesia</span> <span class='ocrx_word' id='word_1_50' title='bbox 1566 1113 1814 1188; x_wconf 82' lang='lat' dir='ltr'>statuit,</span> <span class='ocrx_word' id='word_1_51' title='bbox 1856 1123 1930 1178; x_wconf 91' lang='lat' dir='ltr'>ut</span> <span class='ocrx_word' id='word_1_52' title='bbox 1980 1113 2222 1178; x_wconf 87' lang='lat' dir='ltr'>Christi</span> <span class='ocrx_word' id='word_1_53' title='bbox 2269 1114 2492 1179; x_wconf 83' lang='lat' dir='ltr'>fideles</span> <span class='ocrx_word' id='word_1_54' title='bbox 2539 1135 2660 1179; x_wconf 86' lang='lat' dir='ltr'>con</span> <span class='ocrx_word' id='word_1_55' title='bbox 2661 1114 2989 1197; x_wconf 80' lang='lat' dir='ltr'>fiteantur,</span> 
     </span>
     <span class='ocr_line' id='line_1_7' title="bbox 595 1217 2988 1298; baseline 0 -16"><span class='ocrx_word' id='word_1_56' title='bbox 595 1217 771 1298; x_wconf 83' lang='lat' dir='ltr'>quod</span> <span class='ocrx_word' id='word_1_57' title='bbox 807 1217 955 1298; x_wconf 81' lang='lat' dir='ltr'>jure</span> <span class='ocrx_word' id='word_1_58' title='bbox 992 1217 1215 1281; x_wconf 86' lang='lat' dir='ltr'>divino</span> <span class='ocrx_word' id='word_1_59' title='bbox 1249 1218 1687 1282; x_wconf 89' lang='lat' dir='ltr'>necessarium</span> <span class='ocrx_word' id='word_1_60' title='bbox 1722 1228 1788 1283; x_wconf 91' lang='lat' dir='ltr'>et</span> <span class='ocrx_word' id='word_1_61' title='bbox 1827 1219 2194 1282; x_wconf 90' lang='lat' dir='ltr'>institutum</span> <span class='ocrx_word' id='word_1_62' title='bbox 2232 1240 2374 1284; x_wconf 87' lang='lat' dir='ltr'>esse</span> <span class='ocrx_word' id='word_1_63' title='bbox 2409 1219 2836 1295; x_wconf 74' lang='lat' dir='ltr'>intellexerat,</span> <span class='ocrx_word' id='word_1_64' title='bbox 2873 1219 2988 1283; x_wconf 91' lang='lat' dir='ltr'>sed</span> 
     </span>
     <span class='ocr_line' id='line_1_8' title="bbox 598 1322 2987 1410; baseline 0.001 -24"><span class='ocrx_word' id='word_1_65' title='bbox 598 1332 671 1386; x_wconf 89' lang='lat' dir='ltr'>ut</span> <span class='ocrx_word' id='word_1_66' title='bbox 719 1332 1136 1405; x_wconf 88' lang='lat' dir='ltr'>praeceptum</span> <span class='ocrx_word' id='word_1_67' title='bbox 1186 1322 1622 1410; x_wconf 79' lang='lat' dir='ltr'>confessionis</span> <span class='ocrx_word' id='word_1_68' title='bbox 1674 1323 1872 1390; x_wconf 89' lang='lat' dir='ltr'>semel</span> <span class='ocrx_word' id='word_1_69' title='bbox 1926 1323 1994 1386; x_wconf 92' lang='lat' dir='ltr'>in</span> <span class='ocrx_word' id='word_1_70' title='bbox 2048 1344 2220 1388; x_wconf 90' lang='lat' dir='ltr'>anno</span> <span class='ocrx_word' id='word_1_71' title='bbox 2266 1374 2281 1388; x_wconf 89' lang='lat'><strong>.</strong></span> <span class='ocrx_word' id='word_1_72' title='bbox 2328 1375 2342 1388; x_wconf 91' lang='lat'><strong>.</strong></span> <span class='ocrx_word' id='word_1_73' title='bbox 2391 1374 2406 1388; x_wconf 89' lang='lat'><strong>.</strong></span> <span class='ocrx_word' id='word_1_74' title='bbox 2461 1323 2987 1407; x_wconf 75' lang='lat' dir='ltr'>impleretur”¹⁶².</span> 
     </span>
     <span class='ocr_line' id='line_1_9' title="bbox 600 1426 2988 1511; baseline 0.001 -21"><span class='ocrx_word' id='word_1_75' title='bbox 600 1427 753 1491; x_wconf 92' lang='lat' dir='ltr'>Non</span> <span class='ocrx_word' id='word_1_76' title='bbox 791 1448 947 1510; x_wconf 83' lang='lat' dir='ltr'>ergo</span> <span class='ocrx_word' id='word_1_77' title='bbox 986 1426 1183 1492; x_wconf 89' lang='lat' dir='ltr'>Conc.</span> <span class='ocrx_word' id='word_1_78' title='bbox 1225 1428 1408 1492; x_wconf 88' lang='lat' dir='ltr'>Trid.</span> <span class='ocrx_word' id='word_1_79' title='bbox 1449 1427 1604 1492; x_wconf 88' lang='lat' dir='ltr'>dicit</span> <span class='ocrx_word' id='word_1_80' title='bbox 1644 1428 2093 1493; x_wconf 87' lang='lat' dir='ltr'>necessitatem</span> <span class='ocrx_word' id='word_1_81' title='bbox 2133 1439 2198 1492; x_wconf 91' lang='lat' dir='ltr'>et</span> <span class='ocrx_word' id='word_1_82' title='bbox 2237 1439 2653 1511; x_wconf 81' lang='lat' dir='ltr'>praeceptum</span> <span class='ocrx_word' id='word_1_83' title='bbox 2693 1429 2988 1494; x_wconf 86' lang='lat' dir='ltr'>divinum</span> 
     </span>
     <span class='ocr_line' id='line_1_10' title="bbox 594 1533 2988 1616; baseline 0 -20"><span class='ocrx_word' id='word_1_84' title='bbox 594 1533 1029 1598; x_wconf 82' lang='lat' dir='ltr'>confessionis</span> <span class='ocrx_word' id='word_1_85' title='bbox 1086 1533 1569 1598; x_wconf 87' lang='lat' dir='ltr'>sacramentalis</span> <span class='ocrx_word' id='word_1_86' title='bbox 1627 1533 1961 1616; x_wconf 87' lang='lat' dir='ltr'>proposita</span> <span class='ocrx_word' id='word_1_87' title='bbox 2023 1533 2227 1598; x_wconf 84' lang='lat' dir='ltr'>fuisse</span> <span class='ocrx_word' id='word_1_88' title='bbox 2285 1555 2324 1598; x_wconf 92' lang='lat' dir='ltr'>a</span> <span class='ocrx_word' id='word_1_89' title='bbox 2383 1533 2645 1598; x_wconf 89' lang='lat' dir='ltr'>Christo</span> <span class='ocrx_word' id='word_1_90' title='bbox 2703 1533 2988 1597; x_wconf 88' lang='lat' dir='ltr'>Domino</span> 
     </span>
     <span class='ocr_line' id='line_1_11' title="bbox 596 1638 2988 1726; baseline -0 -25"><span class='ocrx_word' id='word_1_91' title='bbox 596 1639 915 1720; x_wconf 84' lang='lat' dir='ltr'>explicite,</span> <span class='ocrx_word' id='word_1_92' title='bbox 954 1638 1324 1703; x_wconf 81' lang='lat' dir='ltr'>immediate</span> <span class='ocrx_word' id='word_1_93' title='bbox 1360 1650 1425 1703; x_wconf 91' lang='lat' dir='ltr'>et</span> <span class='ocrx_word' id='word_1_94' title='bbox 1461 1638 1812 1714; x_wconf 87' lang='lat' dir='ltr'>evidenter,</span> <span class='ocrx_word' id='word_1_95' title='bbox 1851 1639 2054 1702; x_wconf 90' lang='lat' dir='ltr'>immo</span> <span class='ocrx_word' id='word_1_96' title='bbox 2092 1639 2288 1703; x_wconf 89' lang='lat' dir='ltr'>Cone.</span> <span class='ocrx_word' id='word_1_97' title='bbox 2331 1639 2604 1726; x_wconf 84' lang='lat' dir='ltr'>recurrit</span> <span class='ocrx_word' id='word_1_98' title='bbox 2641 1639 2726 1702; x_wconf 92' lang='lat' dir='ltr'>ad</span> <span class='ocrx_word' id='word_1_99' title='bbox 2767 1639 2988 1703; x_wconf 90' lang='lat' dir='ltr'>Eccle-</span> 
     </span>
     <span class='ocr_line' id='line_1_12' title="bbox 598 1742 2986 1826; baseline 0.001 -20"><span class='ocrx_word' id='word_1_100' title='bbox 598 1743 729 1807; x_wconf 86' lang='lat' dir='ltr'>siae</span> <span class='ocrx_word' id='word_1_101' title='bbox 779 1744 1192 1808; x_wconf 91' lang='lat' dir='ltr'>intellectum.</span> <span class='ocrx_word' id='word_1_102' title='bbox 1288 1743 1443 1808; x_wconf 92' lang='lat' dir='ltr'>Uno</span> <span class='ocrx_word' id='word_1_103' title='bbox 1491 1744 1725 1807; x_wconf 86' lang='lat' dir='ltr'>verbo:</span> <span class='ocrx_word' id='word_1_104' title='bbox 1779 1744 1838 1806; x_wconf 95' lang='lat' dir='ltr'><strong>T</strong></span> <span class='ocrx_word' id='word_1_105' title='bbox 1841 1743 1962 1808; x_wconf 87' lang='lat' dir='ltr'>rid.</span> <span class='ocrx_word' id='word_1_106' title='bbox 2013 1744 2245 1825; x_wconf 89' lang='lat' dir='ltr'>probat</span> <span class='ocrx_word' id='word_1_107' title='bbox 2293 1742 2630 1826; x_wconf 84' lang='lat' dir='ltr'>praefatas</span> <span class='ocrx_word' id='word_1_108' title='bbox 2679 1744 2986 1808; x_wconf 86' lang='lat' dir='ltr'>veritates</span> 
     </span>
     <span class='ocr_line' id='line_1_13' title="bbox 593 1847 2984 1931; baseline 0.001 -20"><span class='ocrx_word' id='word_1_109' title='bbox 593 1868 679 1911; x_wconf 91' lang='lat' dir='ltr'>ex</span> <span class='ocrx_word' id='word_1_110' title='bbox 721 1847 787 1912; x_wconf 91' lang='lat' dir='ltr'>S.</span> <span class='ocrx_word' id='word_1_111' title='bbox 832 1847 1169 1931; x_wconf 84' lang='lat' dir='ltr'>Scriptura</span> <span class='ocrx_word' id='word_1_112' title='bbox 1208 1849 1405 1912; x_wconf 78' lang='lat' dir='ltr'>simul</span> <span class='ocrx_word' id='word_1_113' title='bbox 1442 1859 1507 1915; x_wconf 93' lang='lat' dir='ltr'>et</span> <span class='ocrx_word' id='word_1_114' title='bbox 1545 1870 1630 1913; x_wconf 87' lang='lat' dir='ltr'>ex</span> <span class='ocrx_word' id='word_1_115' title='bbox 1671 1849 2070 1913; x_wconf 88' lang='lat' dir='ltr'>Traditione.</span> <span class='ocrx_word' id='word_1_116' title='bbox 2158 1849 2342 1913; x_wconf 91' lang='lat' dir='ltr'>Haec</span> <span class='ocrx_word' id='word_1_117' title='bbox 2381 1858 2599 1913; x_wconf 88' lang='lat' dir='ltr'>autem</span> <span class='ocrx_word' id='word_1_118' title='bbox 2639 1848 2984 1913; x_wconf 88' lang='lat' dir='ltr'>methodus</span> 
     </span>
     <span class='ocr_line' id='line_1_14' title="bbox 599 1952 2984 2036; baseline 0.001 -21"><span class='ocrx_word' id='word_1_119' title='bbox 599 1952 726 2019; x_wconf 80' lang='lat' dir='ltr'>fuit</span> <span class='ocrx_word' id='word_1_120' title='bbox 764 1954 1109 2019; x_wconf 88' lang='lat' dir='ltr'>methodus</span> <span class='ocrx_word' id='word_1_121' title='bbox 1145 1975 1185 2018; x_wconf 91' lang='lat' dir='ltr'>a</span> <span class='ocrx_word' id='word_1_122' title='bbox 1227 1954 1392 2018; x_wconf 91' lang='lat' dir='ltr'>Ven.</span> <span class='ocrx_word' id='word_1_123' title='bbox 1434 1953 1633 2018; x_wconf 91' lang='lat' dir='ltr'>Scoto</span> <span class='ocrx_word' id='word_1_124' title='bbox 1674 1954 1742 2016; x_wconf 94' lang='lat' dir='ltr'>in</span> <span class='ocrx_word' id='word_1_125' title='bbox 1779 1954 2160 2036; x_wconf 86' lang='lat' dir='ltr'>probatione</span> <span class='ocrx_word' id='word_1_126' title='bbox 2201 1953 2576 2018; x_wconf 88' lang='lat' dir='ltr'>earumdem</span> <span class='ocrx_word' id='word_1_127' title='bbox 2615 1954 2984 2028; x_wconf 85' lang='lat' dir='ltr'>veritatum,</span> 
     </span>
     <span class='ocr_line' id='line_1_15' title="bbox 594 2057 2982 2141; baseline 0.001 -21"><span class='ocrx_word' id='word_1_128' title='bbox 594 2057 866 2140; x_wconf 89' lang='lat' dir='ltr'>ideoque</span> <span class='ocrx_word' id='word_1_129' title='bbox 906 2059 1083 2122; x_wconf 89' lang='lat' dir='ltr'>nulla</span> <span class='ocrx_word' id='word_1_130' title='bbox 1120 2059 1305 2123; x_wconf 88' lang='lat' dir='ltr'>adest</span> <span class='ocrx_word' id='word_1_131' title='bbox 1340 2079 1561 2141; x_wconf 85' lang='lat' dir='ltr'>pugna</span> <span class='ocrx_word' id='word_1_132' title='bbox 1598 2059 1768 2123; x_wconf 89' lang='lat' dir='ltr'>inter</span> <span class='ocrx_word' id='word_1_133' title='bbox 1808 2059 1874 2124; x_wconf 90' lang='lat' dir='ltr'>S.</span> <span class='ocrx_word' id='word_1_134' title='bbox 1918 2058 2114 2123; x_wconf 90' lang='lat' dir='ltr'>Cone.</span> <span class='ocrx_word' id='word_1_135' title='bbox 2156 2059 2337 2122; x_wconf 92' lang='lat' dir='ltr'>Trid.</span> <span class='ocrx_word' id='word_1_136' title='bbox 2379 2070 2443 2123; x_wconf 89' lang='lat' dir='ltr'>et</span> <span class='ocrx_word' id='word_1_137' title='bbox 2484 2058 2649 2123; x_wconf 91' lang='lat' dir='ltr'>Ven.</span> <span class='ocrx_word' id='word_1_138' title='bbox 2696 2057 2982 2123; x_wconf 88' lang='lat' dir='ltr'>Scotum.</span> 
     </span>
    </p>
   </div>
   <div class='ocr_carea' id='block_1_3' title="bbox 494 2183 2985 3526">
    <p class='ocr_par' dir='ltr' id='par_1_3' title="bbox 494 2183 2985 3526">
     <span class='ocr_line' id='line_1_16' title="bbox 678 2183 2985 2267; baseline 0 -18"><span class='ocrx_word' id='word_1_139' title='bbox 678 2183 1077 2249; x_wconf 88' lang='lat' dir='ltr'>Concludam</span> <span class='ocrx_word' id='word_1_140' title='bbox 1132 2186 1300 2248; x_wconf 88' lang='lat' dir='ltr'>hanc</span> <span class='ocrx_word' id='word_1_141' title='bbox 1356 2185 1803 2267; x_wconf 90' lang='lat' dir='ltr'>quaestionem</span> <span class='ocrx_word' id='word_1_142' title='bbox 1858 2184 1938 2247; x_wconf 91' lang='lat' dir='ltr'>de</span> <span class='ocrx_word' id='word_1_143' title='bbox 1997 2184 2162 2248; x_wconf 91' lang='lat' dir='ltr'>Ven.</span> <span class='ocrx_word' id='word_1_144' title='bbox 2224 2184 2420 2249; x_wconf 89' lang='lat' dir='ltr'>Scoto</span> <span class='ocrx_word' id='word_1_145' title='bbox 2477 2183 2692 2248; x_wconf 87' lang='lat' dir='ltr'>verbis</span> <span class='ocrx_word' id='word_1_146' title='bbox 2748 2185 2985 2249; x_wconf 83' lang='lat' dir='ltr'>Pohle-</span> 
     </span>
     <span class='ocr_line' id='line_1_17' title="bbox 592 2289 2983 2372; baseline 0 -20"><span class='ocrx_word' id='word_1_147' title='bbox 592 2290 941 2366; x_wconf 75' lang='lat' dir='ltr'>Preuss¹⁶⁸,</span> <span class='ocrx_word' id='word_1_148' title='bbox 992 2290 1225 2371; x_wconf 91' lang='lat' dir='ltr'>quibus</span> <span class='ocrx_word' id='word_1_149' title='bbox 1278 2291 1520 2372; x_wconf 89' lang='lat' dir='ltr'>optime</span> <span class='ocrx_word' id='word_1_150' title='bbox 1572 2289 1963 2371; x_wconf 87' lang='lat' dir='ltr'>exprimitur</span> <span class='ocrx_word' id='word_1_151' title='bbox 2013 2289 2254 2354; x_wconf 86' lang='lat' dir='ltr'>veritas</span> <span class='ocrx_word' id='word_1_152' title='bbox 2309 2289 2506 2354; x_wconf 89' lang='lat' dir='ltr'>relate</span> <span class='ocrx_word' id='word_1_153' title='bbox 2559 2290 2643 2353; x_wconf 91' lang='lat' dir='ltr'>ad</span> <span class='ocrx_word' id='word_1_154' title='bbox 2696 2290 2983 2353; x_wconf 86' lang='lat' dir='ltr'>divinam</span> 
     </span>
     <span class='ocr_line' id='line_1_18' title="bbox 591 2394 2984 2471; baseline -0.001 -13"><span class='ocrx_word' id='word_1_155' title='bbox 591 2395 1062 2460; x_wconf 86' lang='lat' dir='ltr'>institutionem</span> <span class='ocrx_word' id='word_1_156' title='bbox 1105 2406 1168 2459; x_wconf 93' lang='lat' dir='ltr'>et</span> <span class='ocrx_word' id='word_1_157' title='bbox 1212 2395 1660 2460; x_wconf 89' lang='lat' dir='ltr'>necessitatem</span> <span class='ocrx_word' id='word_1_158' title='bbox 1704 2395 2187 2459; x_wconf 90' lang='lat' dir='ltr'>sacramentalis</span> <span class='ocrx_word' id='word_1_159' title='bbox 2231 2394 2687 2471; x_wconf 82' lang='lat' dir='ltr'>confessionis,</span> <span class='ocrx_word' id='word_1_160' title='bbox 2732 2413 2984 2457; x_wconf 88' lang='lat' dir='ltr'>necnon</span> 
     </span>
     <span class='ocr_line' id='line_1_19' title="bbox 591 2499 2982 2582; baseline -0.001 -17"><span class='ocrx_word' id='word_1_161' title='bbox 591 2500 823 2565; x_wconf 90' lang='lat' dir='ltr'>modus</span> <span class='ocrx_word' id='word_1_162' title='bbox 867 2500 1192 2582; x_wconf 86' lang='lat' dir='ltr'>cogitandi</span> <span class='ocrx_word' id='word_1_163' title='bbox 1241 2500 1405 2564; x_wconf 91' lang='lat' dir='ltr'>Ven.</span> <span class='ocrx_word' id='word_1_164' title='bbox 1455 2499 1632 2565; x_wconf 91' lang='lat' dir='ltr'>Scoti</span> <span class='ocrx_word' id='word_1_165' title='bbox 1688 2499 2020 2581; x_wconf 87' lang='lat' dir='ltr'>(quamvis</span> <span class='ocrx_word' id='word_1_166' title='bbox 2066 2500 2186 2564; x_wconf 91' lang='lat' dir='ltr'>hoc</span> <span class='ocrx_word' id='word_1_167' title='bbox 2232 2499 2533 2563; x_wconf 90' lang='lat' dir='ltr'>ultimum</span> <span class='ocrx_word' id='word_1_168' title='bbox 2576 2500 2841 2563; x_wconf 90' lang='lat' dir='ltr'>minime</span> <span class='ocrx_word' id='word_1_169' title='bbox 2885 2500 2982 2562; x_wconf 92' lang='lat' dir='ltr'>in-</span> 
     </span>
     <span class='ocr_line' id='line_1_20' title="bbox 590 2604 2981 2688; baseline -0 -21"><span class='ocrx_word' id='word_1_170' title='bbox 590 2606 895 2669; x_wconf 88' lang='lat' dir='ltr'>tendatur</span> <span class='ocrx_word' id='word_1_171' title='bbox 954 2625 995 2670; x_wconf 90' lang='lat' dir='ltr'>a</span> <span class='ocrx_word' id='word_1_172' title='bbox 1059 2605 1572 2685; x_wconf 65' lang='lat' dir='ltr'>Petale-Preuss)</span> <span class='ocrx_word' id='word_1_173' title='bbox 1649 2606 1820 2670; x_wconf 90' lang='lat' dir='ltr'>circa</span> <span class='ocrx_word' id='word_1_174' title='bbox 1881 2605 2234 2688; x_wconf 86' lang='lat' dir='ltr'>praecitata</span> <span class='ocrx_word' id='word_1_175' title='bbox 2297 2614 2572 2687; x_wconf 90' lang='lat' dir='ltr'>puncta:</span> <span class='ocrx_word' id='word_1_176' title='bbox 2659 2604 2763 2668; x_wconf 88' lang='lat' dir='ltr'>“It</span> <span class='ocrx_word' id='word_1_177' title='bbox 2837 2604 2981 2685; x_wconf 89' lang='lat' dir='ltr'>(the</span> 
     </span>
     <span class='ocr_line' id='line_1_21' title="bbox 590 2709 2980 2792; baseline -0.001 -18"><span class='ocrx_word' id='word_1_178' title='bbox 590 2710 808 2775; x_wconf 85' lang='lat' dir='ltr'>divine</span> <span class='ocrx_word' id='word_1_179' title='bbox 845 2710 1211 2775; x_wconf 89' lang='lat' dir='ltr'>institution</span> <span class='ocrx_word' id='word_1_180' title='bbox 1248 2711 1379 2774; x_wconf 92' lang='lat' dir='ltr'>and</span> <span class='ocrx_word' id='word_1_181' title='bbox 1416 2710 1732 2792; x_wconf 88' lang='lat' dir='ltr'>necessity</span> <span class='ocrx_word' id='word_1_182' title='bbox 1771 2710 1846 2774; x_wconf 72' lang='grc' dir='ltr'>οἱ</span> <span class='ocrx_word' id='word_1_183' title='bbox 1885 2710 2297 2789; x_wconf 82' lang='lat' dir='ltr'>confession)</span> <span class='ocrx_word' id='word_1_184' title='bbox 2343 2719 2581 2774; x_wconf 90' lang='lat' dir='ltr'>cannot</span> <span class='ocrx_word' id='word_1_185' title='bbox 2618 2709 2697 2773; x_wconf 91' lang='lat' dir='ltr'>be</span> <span class='ocrx_word' id='word_1_186' title='bbox 2733 2709 2980 2792; x_wconf 86' lang='lat' dir='ltr'>proved</span> 
     </span>
     <span class='ocr_line' id='line_1_22' title="bbox 591 2814 2981 2898; baseline -0.001 -21"><span class='ocrx_word' id='word_1_187' title='bbox 591 2815 897 2898; x_wconf 56' lang='lat' dir='ltr'><strong><em>diacum</em></strong></span> <span class='ocrx_word' id='word_1_188' title='bbox 941 2815 1057 2879; x_wconf 92' lang='lat' dir='ltr'>but</span> <span class='ocrx_word' id='word_1_189' title='bbox 1100 2836 1186 2879; x_wconf 88' lang='lat' dir='ltr'>an</span> <span class='ocrx_word' id='word_1_190' title='bbox 1228 2816 1502 2881; x_wconf 79' lang='lat' dir='ltr'>indirect</span> <span class='ocrx_word' id='word_1_191' title='bbox 1549 2825 1890 2897; x_wconf 87' lang='lat' dir='ltr'>argument</span> <span class='ocrx_word' id='word_1_192' title='bbox 1935 2836 2084 2896; x_wconf 88' lang='lat' dir='ltr'>may</span> <span class='ocrx_word' id='word_1_193' title='bbox 2131 2815 2210 2879; x_wconf 91' lang='lat' dir='ltr'>be</span> <span class='ocrx_word' id='word_1_194' title='bbox 2255 2814 2604 2878; x_wconf 86' lang='lat' dir='ltr'>construed</span> <span class='ocrx_word' id='word_1_195' title='bbox 2649 2833 2826 2896; x_wconf 88' lang='lat' dir='ltr'>upon</span> <span class='ocrx_word' id='word_1_196' title='bbox 2871 2814 2981 2876; x_wconf 92' lang='lat' dir='ltr'>the</span> 
     </span>
     <span class='ocr_line' id='line_1_23' title="bbox 590 2918 2980 3001; baseline -0.001 -17"><span class='ocrx_word' id='word_1_197' title='bbox 590 2920 761 2985; x_wconf 90' lang='lat' dir='ltr'>basis</span> <span class='ocrx_word' id='word_1_198' title='bbox 806 2920 880 2985; x_wconf 81' lang='lat' dir='ltr'>of</span> <span class='ocrx_word' id='word_1_199' title='bbox 926 2921 1101 2985; x_wconf 86' lang='lat' dir='ltr'>what</span> <span class='ocrx_word' id='word_1_200' title='bbox 1143 2920 1253 2984; x_wconf 90' lang='lat' dir='ltr'>the</span> <span class='ocrx_word' id='word_1_201' title='bbox 1300 2920 1482 2984; x_wconf 90' lang='lat' dir='ltr'>Bible</span> <span class='ocrx_word' id='word_1_202' title='bbox 1525 2921 1784 2984; x_wconf 91' lang='lat' dir='ltr'>teaches</span> <span class='ocrx_word' id='word_1_203' title='bbox 1828 2921 1895 2982; x_wconf 90' lang='lat' dir='ltr'>in</span> <span class='ocrx_word' id='word_1_204' title='bbox 1941 2921 2171 3001; x_wconf 83' lang='lat' dir='ltr'>regard</span> <span class='ocrx_word' id='word_1_205' title='bbox 2214 2928 2284 2984; x_wconf 93' lang='lat' dir='ltr'>to</span> <span class='ocrx_word' id='word_1_206' title='bbox 2328 2920 2437 2983; x_wconf 89' lang='lat' dir='ltr'>the</span> <span class='ocrx_word' id='word_1_207' title='bbox 2480 2939 2703 3001; x_wconf 86' lang='lat' dir='ltr'>power</span> <span class='ocrx_word' id='word_1_208' title='bbox 2749 2918 2824 2983; x_wconf 82' lang='lat' dir='ltr'>of</span> <span class='ocrx_word' id='word_1_209' title='bbox 2868 2919 2980 2983; x_wconf 90' lang='lat' dir='ltr'>the</span> 
     </span>
     <span class='ocr_line' id='line_1_24' title="bbox 589 3023 2979 3108; baseline -0.002 -19"><span class='ocrx_word' id='word_1_210' title='bbox 589 3024 807 3108; x_wconf 87' lang='lat' dir='ltr'>keys”.</span> <span class='ocrx_word' id='word_1_211' title='bbox 888 3025 995 3087; x_wconf 93' lang='lat' dir='ltr'>Ex</span> <span class='ocrx_word' id='word_1_212' title='bbox 1030 3035 1349 3108; x_wconf 88' lang='lat' dir='ltr'>potestate</span> <span class='ocrx_word' id='word_1_213' title='bbox 1387 3025 1666 3090; x_wconf 89' lang='lat' dir='ltr'>clavium</span> <span class='ocrx_word' id='word_1_214' title='bbox 1705 3046 1862 3106; x_wconf 90' lang='lat' dir='ltr'>ergo</span> <span class='ocrx_word' id='word_1_215' title='bbox 1899 3025 2212 3106; x_wconf 88' lang='lat' dir='ltr'>probatur</span> <span class='ocrx_word' id='word_1_216' title='bbox 2251 3025 2561 3088; x_wconf 90' lang='lat' dir='ltr'>indirecte</span> <span class='ocrx_word' id='word_1_217' title='bbox 2599 3033 2663 3087; x_wconf 90' lang='lat' dir='ltr'>et</span> <span class='ocrx_word' id='word_1_218' title='bbox 2704 3023 2979 3088; x_wconf 89' lang='lat' dir='ltr'>necessi-</span> 
     </span>
     <span class='ocr_line' id='line_1_25' title="bbox 494 3128 2979 3213; baseline -0.001 -19"><span class='ocrx_word' id='word_1_219' title='bbox 494 3190 497 3194; x_wconf 87' lang='lat'>.</span> <span class='ocrx_word' id='word_1_220' title='bbox 587 3139 689 3195; x_wconf 90' lang='lat' dir='ltr'>tas</span> <span class='ocrx_word' id='word_1_221' title='bbox 750 3141 816 3194; x_wconf 89' lang='lat' dir='ltr'>et</span> <span class='ocrx_word' id='word_1_222' title='bbox 873 3141 1289 3213; x_wconf 89' lang='lat' dir='ltr'>praeceptum</span> <span class='ocrx_word' id='word_1_223' title='bbox 1349 3130 1784 3194; x_wconf 82' lang='lat' dir='ltr'>confessionis</span> <span class='ocrx_word' id='word_1_224' title='bbox 1847 3128 2348 3193; x_wconf 88' lang='lat' dir='ltr'>sacramentalis.</span> <span class='ocrx_word' id='word_1_225' title='bbox 2438 3129 2722 3209; x_wconf 91' lang='lat' dir='ltr'>Ideoque</span> <span class='ocrx_word' id='word_1_226' title='bbox 2784 3128 2979 3192; x_wconf 89' lang='lat' dir='ltr'>etiam</span> 
     </span>
     <span class='ocr_line' id='line_1_26' title="bbox 587 3230 2978 3317; baseline -0.002 -17"><span class='ocrx_word' id='word_1_227' title='bbox 587 3246 736 3316; x_wconf 90' lang='lat' dir='ltr'>post</span> <span class='ocrx_word' id='word_1_228' title='bbox 783 3234 979 3300; x_wconf 90' lang='lat' dir='ltr'>Conc.</span> <span class='ocrx_word' id='word_1_229' title='bbox 1026 3235 1207 3299; x_wconf 87' lang='lat' dir='ltr'>Trid.</span> <span class='ocrx_word' id='word_1_230' title='bbox 1253 3235 1401 3316; x_wconf 82' lang='lat' dir='ltr'>jure</span> <span class='ocrx_word' id='word_1_231' title='bbox 1447 3235 1806 3316; x_wconf 89' lang='lat' dir='ltr'>meritoque</span> <span class='ocrx_word' id='word_1_232' title='bbox 1855 3230 2187 3317; x_wconf 83' lang='lat' dir='ltr'>reprobari</span> <span class='ocrx_word' id='word_1_233' title='bbox 2235 3234 2457 3316; x_wconf 92' lang='lat' dir='ltr'>nequit</span> <span class='ocrx_word' id='word_1_234' title='bbox 2503 3233 2978 3316; x_wconf 86' lang='lat' dir='ltr'>argumentatio</span> 
     </span>
     <span class='ocr_line' id='line_1_27' title="bbox 588 3338 2978 3420; baseline -0.002 -16"><span class='ocrx_word' id='word_1_235' title='bbox 588 3339 754 3405; x_wconf 90' lang='lat' dir='ltr'>Ven.</span> <span class='ocrx_word' id='word_1_236' title='bbox 798 3339 995 3414; x_wconf 88' lang='lat' dir='ltr'>Scoti,</span> <span class='ocrx_word' id='word_1_237' title='bbox 1033 3361 1182 3404; x_wconf 90' lang='lat' dir='ltr'>cum</span> <span class='ocrx_word' id='word_1_238' title='bbox 1219 3340 1435 3404; x_wconf 89' lang='lat' dir='ltr'>adsint</span> <span class='ocrx_word' id='word_1_239' title='bbox 1472 3351 1770 3404; x_wconf 88' lang='lat' dir='ltr'>auctores</span> <span class='ocrx_word' id='word_1_240' title='bbox 1812 3339 2125 3414; x_wconf 88' lang='lat' dir='ltr'>moderni,</span> <span class='ocrx_word' id='word_1_241' title='bbox 2166 3339 2276 3420; x_wconf 88' lang='lat' dir='ltr'>qui</span> <span class='ocrx_word' id='word_1_242' title='bbox 2315 3338 2588 3402; x_wconf 90' lang='lat' dir='ltr'>candide</span> <span class='ocrx_word' id='word_1_243' title='bbox 2628 3338 2978 3403; x_wconf 90' lang='lat' dir='ltr'>confitean-</span> 
     </span>
     <span class='ocr_line' id='line_1_28' title="bbox 587 3443 2652 3526; baseline 0 -19"><span class='ocrx_word' id='word_1_244' title='bbox 587 3454 694 3508; x_wconf 91' lang='lat' dir='ltr'>tur</span> <span class='ocrx_word' id='word_1_245' title='bbox 731 3445 902 3509; x_wconf 88' lang='lat' dir='ltr'>idem</span> <span class='ocrx_word' id='word_1_246' title='bbox 932 3446 1114 3526; x_wconf 87' lang='lat' dir='ltr'>quod</span> <span class='ocrx_word' id='word_1_247' title='bbox 1150 3456 1301 3509; x_wconf 90' lang='lat' dir='ltr'>ante</span> <span class='ocrx_word' id='word_1_248' title='bbox 1340 3445 1535 3510; x_wconf 89' lang='lat' dir='ltr'>Conc.</span> <span class='ocrx_word' id='word_1_249' title='bbox 1575 3445 1755 3508; x_wconf 92' lang='lat' dir='ltr'>Trid.</span> <span class='ocrx_word' id='word_1_250' title='bbox 1796 3445 1962 3509; x_wconf 88' lang='lat' dir='ltr'>Ven.</span> <span class='ocrx_word' id='word_1_251' title='bbox 2005 3443 2238 3509; x_wconf 89' lang='lat' dir='ltr'>Scotus</span> <span class='ocrx_word' id='word_1_252' title='bbox 2281 3444 2497 3507; x_wconf 84' lang='lat' dir='ltr'>fassus</span> <span class='ocrx_word' id='word_1_253' title='bbox 2536 3453 2652 3507; x_wconf 88' lang='lat' dir='ltr'>est.</span> 
     </span>
    </p>
   </div>
   <div class='ocr_carea' id='block_1_4' title="bbox 582 3559 2977 4490">
    <p class='ocr_par' dir='ltr' id='par_1_4' title="bbox 582 3559 2977 4490">
     <span class='ocr_line' id='line_1_29' title="bbox 674 3559 2977 3635; baseline -0.001 -1"><span class='ocrx_word' id='word_1_254' title='bbox 674 3569 919 3634; x_wconf 86' lang='lat' dir='ltr'>Contra</span> <span class='ocrx_word' id='word_1_255' title='bbox 965 3570 1401 3635; x_wconf 87' lang='lat' dir='ltr'>universalem</span> <span class='ocrx_word' id='word_1_256' title='bbox 1450 3590 1566 3634; x_wconf 90' lang='lat' dir='ltr'>seu</span> <span class='ocrx_word' id='word_1_257' title='bbox 1615 3569 1997 3633; x_wconf 87' lang='lat' dir='ltr'>catholicam</span> <span class='ocrx_word' id='word_1_258' title='bbox 2049 3559 2411 3632; x_wconf 82' lang='lat' dir='ltr'>doctrinam</span> <span class='ocrx_word' id='word_1_259' title='bbox 2462 3568 2544 3632; x_wconf 98' lang='lat' dir='ltr'>de</span> <span class='ocrx_word' id='word_1_260' title='bbox 2597 3568 2977 3632; x_wconf 89' lang='lat' dir='ltr'>necessitate</span> 
     </span>
     <span class='ocr_line' id='line_1_30' title="bbox 586 3671 2976 3755; baseline -0 -17"><span class='ocrx_word' id='word_1_261' title='bbox 586 3673 1020 3738; x_wconf 83' lang='lat' dir='ltr'>confessionis</span> <span class='ocrx_word' id='word_1_262' title='bbox 1069 3675 1564 3739; x_wconf 88' lang='lat' dir='ltr'>insurrexerunt</span> <span class='ocrx_word' id='word_1_263' title='bbox 1618 3673 1900 3755; x_wconf 81' lang='lat' dir='ltr'>Wicleff,</span> <span class='ocrx_word' id='word_1_264' title='bbox 1945 3674 2185 3738; x_wconf 82' lang='lat' dir='ltr'>Petrus</span> <span class='ocrx_word' id='word_1_265' title='bbox 2231 3674 2311 3738; x_wconf 88' lang='lat' dir='ltr'>de</span> <span class='ocrx_word' id='word_1_266' title='bbox 2363 3671 2587 3747; x_wconf 84' lang='lat' dir='ltr'>Osma,</span> <span class='ocrx_word' id='word_1_267' title='bbox 2635 3682 2701 3736; x_wconf 89' lang='lat' dir='ltr'>et</span> <span class='ocrx_word' id='word_1_268' title='bbox 2746 3673 2976 3737; x_wconf 82' lang='lat' dir='ltr'>Prote-</span> 
     </span>
     <span class='ocr_line' id='line_1_31' title="bbox 585 3777 2977 3860; baseline -0.001 -18"><span class='ocrx_word' id='word_1_269' title='bbox 585 3787 849 3844; x_wconf 80' lang='lat' dir='ltr'>stantes.</span> <span class='ocrx_word' id='word_1_270' title='bbox 946 3779 1076 3844; x_wconf 90' lang='lat' dir='ltr'>Sed</span> <span class='ocrx_word' id='word_1_271' title='bbox 1126 3779 1435 3854; x_wconf 90' lang='lat' dir='ltr'>Ecclesia,</span> <span class='ocrx_word' id='word_1_272' title='bbox 1484 3779 1638 3860; x_wconf 86' lang='lat' dir='ltr'>vigil</span> <span class='ocrx_word' id='word_1_273' title='bbox 1690 3779 1948 3842; x_wconf 87' lang='lat' dir='ltr'>divinae</span> <span class='ocrx_word' id='word_1_274' title='bbox 1999 3778 2408 3842; x_wconf 86' lang='lat' dir='ltr'>revelationis</span> <span class='ocrx_word' id='word_1_275' title='bbox 2459 3786 2698 3852; x_wconf 90' lang='lat' dir='ltr'>custos,</span> <span class='ocrx_word' id='word_1_276' title='bbox 2750 3777 2977 3857; x_wconf 88' lang='lat' dir='ltr'>rejecit</span> 
     </span>
     <span class='ocr_line' id='line_1_32' title="bbox 584 3870 2975 3967; baseline -0.002 -19"><span class='ocrx_word' id='word_1_277' title='bbox 584 3893 777 3966; x_wconf 89' lang='lat' dir='ltr'>atque</span> <span class='ocrx_word' id='word_1_278' title='bbox 813 3885 1267 3950; x_wconf 86' lang='lat' dir='ltr'>condemnavit</span> <span class='ocrx_word' id='word_1_279' title='bbox 1301 3884 1757 3967; x_wconf 84' lang='lat' dir='ltr'>praefatorum</span> <span class='ocrx_word' id='word_1_280' title='bbox 1793 3884 2129 3948; x_wconf 89' lang='lat' dir='ltr'>hominum</span> <span class='ocrx_word' id='word_1_281' title='bbox 2166 3883 2421 3964; x_wconf 89' lang='lat' dir='ltr'>placita,</span> <span class='ocrx_word' id='word_1_282' title='bbox 2461 3891 2652 3963; x_wconf 90' lang='lat' dir='ltr'>atque</span> <span class='ocrx_word' id='word_1_283' title='bbox 2693 3870 2975 3965; x_wconf 69' lang='lat' dir='ltr'>servavit</span> 
     </span>
     <span class='ocr_line' id='line_1_33' title="bbox 588 3985 2976 4071; baseline -0.002 -19"><span class='ocrx_word' id='word_1_284' title='bbox 588 3988 905 4071; x_wconf 86' lang='lat' dir='ltr'>integram</span> <span class='ocrx_word' id='word_1_285' title='bbox 956 3999 1318 4071; x_wconf 89' lang='lat' dir='ltr'>tectamque</span> <span class='ocrx_word' id='word_1_286' title='bbox 1370 3989 1732 4053; x_wconf 89' lang='lat' dir='ltr'>doctrinam</span> <span class='ocrx_word' id='word_1_287' title='bbox 1789 3987 2471 4051; x_wconf 60' lang='lat' dir='ltr'>Christi—Martinus</span> <span class='ocrx_word' id='word_1_288' title='bbox 2531 3987 2590 4051; x_wconf 92' lang='lat' dir='ltr'><em>V</em></span> <span class='ocrx_word' id='word_1_289' title='bbox 2644 3985 2976 4049; x_wconf 86' lang='lat' dir='ltr'>damnavit</span> 
     </span>
     <span class='ocr_line' id='line_1_34' title="bbox 585 4090 2973 4176; baseline -0.003 -19"><span class='ocrx_word' id='word_1_290' title='bbox 585 4105 959 4175; x_wconf 89' lang='lat' dir='ltr'>sequentem</span> <span class='ocrx_word' id='word_1_291' title='bbox 995 4094 1273 4159; x_wconf 85' lang='lat' dir='ltr'>Wicleffi</span> <span class='ocrx_word' id='word_1_292' title='bbox 1310 4093 1856 4176; x_wconf 89' lang='lat' dir='ltr'>propositionem:</span> <span class='ocrx_word' id='word_1_293' title='bbox 1938 4092 2053 4157; x_wconf 89' lang='lat' dir='ltr'>“Si</span> <span class='ocrx_word' id='word_1_294' title='bbox 2093 4092 2287 4156; x_wconf 90' lang='lat' dir='ltr'>homo</span> <span class='ocrx_word' id='word_1_295' title='bbox 2330 4091 2533 4155; x_wconf 80' lang='lat' dir='ltr'>fuerit</span> <span class='ocrx_word' id='word_1_296' title='bbox 2570 4090 2782 4154; x_wconf 91' lang='lat' dir='ltr'>debite</span> <span class='ocrx_word' id='word_1_297' title='bbox 2822 4109 2973 4154; x_wconf 92' lang='lat' dir='ltr'>con-</span> 
     </span>
     <span class='ocr_line' id='line_1_35' title="bbox 584 4173 2975 4279; baseline -0.001 -19"><span class='ocrx_word' id='word_1_298' title='bbox 584 4197 797 4274; x_wconf 77' lang='lat' dir='ltr'>trituS,</span> <span class='ocrx_word' id='word_1_299' title='bbox 828 4198 1040 4263; x_wconf 90' lang='lat' dir='ltr'>omnis</span> <span class='ocrx_word' id='word_1_300' title='bbox 1070 4198 1401 4262; x_wconf 78' lang='lat' dir='ltr'>confessio</span> <span class='ocrx_word' id='word_1_301' title='bbox 1432 4198 1718 4262; x_wconf 88' lang='lat' dir='ltr'>exterior</span> <span class='ocrx_word' id='word_1_302' title='bbox 1751 4207 1851 4260; x_wconf 93' lang='lat' dir='ltr'>est</span> <span class='ocrx_word' id='word_1_303' title='bbox 1885 4198 2004 4262; x_wconf 91' lang='lat' dir='ltr'>sibi</span> <span class='ocrx_word' id='word_1_304' title='bbox 2040 4196 2367 4279; x_wconf 84' lang='lat' dir='ltr'>superflua</span> <span class='ocrx_word' id='word_1_305' title='bbox 2399 4205 2464 4259; x_wconf 90' lang='lat' dir='ltr'>et</span> <span class='ocrx_word' id='word_1_306' title='bbox 2497 4173 2975 4258; x_wconf 66' lang='lat' dir='ltr'>inutilis”²⁵“.-</span> 
     </span>
     <span class='ocr_line' id='line_1_36' title="bbox 582 4297 2971 4385; baseline -0.002 -19"><span class='ocrx_word' id='word_1_307' title='bbox 582 4301 815 4368; x_wconf 77' lang='lat' dir='ltr'>Sixtus</span> <span class='ocrx_word' id='word_1_308' title='bbox 854 4303 958 4368; x_wconf 92' lang='lat' dir='ltr'>IV</span> <span class='ocrx_word' id='word_1_309' title='bbox 995 4314 1222 4385; x_wconf 90' lang='lat' dir='ltr'>postea</span> <span class='ocrx_word' id='word_1_310' title='bbox 1264 4303 1596 4367; x_wconf 87' lang='lat' dir='ltr'>damnavit</span> <span class='ocrx_word' id='word_1_311' title='bbox 1638 4303 1758 4366; x_wconf 89' lang='lat' dir='ltr'>hos</span> <span class='ocrx_word' id='word_1_312' title='bbox 1803 4301 1982 4366; x_wconf 89' lang='lat' dir='ltr'>Petri</span> <span class='ocrx_word' id='word_1_313' title='bbox 2025 4302 2105 4367; x_wconf 89' lang='lat' dir='ltr'>de</span> <span class='ocrx_word' id='word_1_314' title='bbox 2147 4301 2354 4365; x_wconf 88' lang='lat' dir='ltr'>Osma</span> <span class='ocrx_word' id='word_1_315' title='bbox 2397 4320 2686 4364; x_wconf 84' lang='lat' dir='ltr'>errores:</span> <span class='ocrx_word' id='word_1_316' title='bbox 2772 4297 2971 4362; x_wconf 88' lang='lat' dir='ltr'>“Pec-</span> 
     </span>
     <span class='ocr_line' id='line_1_37' title="bbox 584 4400 2970 4490; baseline -0.003 -20"><span class='ocrx_word' id='word_1_317' title='bbox 584 4417 727 4471; x_wconf 89' lang='lat' dir='ltr'>cata</span> <span class='ocrx_word' id='word_1_318' title='bbox 776 4408 1095 4484; x_wconf 88' lang='lat' dir='ltr'>mortalia,</span> <span class='ocrx_word' id='word_1_319' title='bbox 1146 4416 1461 4490; x_wconf 90' lang='lat' dir='ltr'>quantum</span> <span class='ocrx_word' id='word_1_320' title='bbox 1511 4409 1596 4471; x_wconf 91' lang='lat' dir='ltr'>ad</span> <span class='ocrx_word' id='word_1_321' title='bbox 1646 4406 1904 4487; x_wconf 91' lang='lat' dir='ltr'>culpam</span> <span class='ocrx_word' id='word_1_322' title='bbox 1953 4417 2018 4470; x_wconf 89' lang='lat' dir='ltr'>et</span> <span class='ocrx_word' id='word_1_323' title='bbox 2067 4425 2343 4488; x_wconf 90' lang='lat' dir='ltr'>poenam</span> <span class='ocrx_word' id='word_1_324' title='bbox 2393 4404 2660 4468; x_wconf 89' lang='lat' dir='ltr'>alterius</span> <span class='ocrx_word' id='word_1_325' title='bbox 2713 4400 2970 4474; x_wconf 89' lang='lat' dir='ltr'>saeculi,</span> 
     </span>
    </p>
   </div>
   <div class='ocr_carea' id='block_1_5' title="bbox 578 4538 917 4551">
    <p class='ocr_par' dir='ltr' id='par_1_5' title="bbox 578 4538 917 4551">
     <span class='ocr_line' id='line_1_38' title="bbox 578 4538 917 4551; baseline 0 0"><span class='ocrx_word' id='word_1_326' title='bbox 578 4538 917 4551; x_wconf 95' lang='lat' dir='ltr'> </span> 
     </span>
    </p>
   </div>
   <div class='ocr_carea' id='block_1_6' title="bbox 662 4590 2619 4739">
    <p class='ocr_par' dir='ltr' id='par_1_6' title="bbox 662 4590 2619 4739">
     <span class='ocr_line' id='line_1_39' title="bbox 663 4590 2619 4659; baseline -0.001 -13"><span class='ocrx_word' id='word_1_327' title='bbox 663 4591 745 4630; x_wconf 77' lang='lat'>¹⁸²</span> <span class='ocrx_word' id='word_1_328' title='bbox 766 4593 1126 4659; x_wconf 85' lang='lat' dir='ltr'>Denz.-Ban.,</span> <span class='ocrx_word' id='word_1_329' title='bbox 1156 4593 1288 4650; x_wconf 84' lang='lat' dir='ltr'>ibid.</span> <span class='ocrx_word' id='word_1_330' title='bbox 1862 4591 1946 4631; x_wconf 64' lang='lat'>1⁰³</span> <span class='ocrx_word' id='word_1_331' title='bbox 1964 4593 2053 4648; x_wconf 93' lang='lat' dir='ltr'>De</span> <span class='ocrx_word' id='word_1_332' title='bbox 2085 4591 2320 4656; x_wconf 68' lang='lat' dir='ltr'>Poenit„</span> <span class='ocrx_word' id='word_1_333' title='bbox 2348 4608 2473 4657; x_wconf 84' lang='lat' dir='ltr'>pag.</span> <span class='ocrx_word' id='word_1_334' title='bbox 2508 4590 2619 4644; x_wconf 79' lang='grc'><strong>187.</strong></span> 
     </span>
     <span class='ocr_line' id='line_1_40' title="bbox 662 4672 2570 4739; baseline -0.001 -13"><span class='ocrx_word' id='word_1_335' title='bbox 662 4672 748 4712; x_wconf 70' lang='lat'>¹⁸²</span> <span class='ocrx_word' id='word_1_336' title='bbox 769 4672 907 4730; x_wconf 88' lang='lat' dir='ltr'>lbid.</span> <span class='ocrx_word' id='word_1_337' title='bbox 948 4691 1003 4731; x_wconf 84' lang='lat' dir='ltr'>n.</span> <span class='ocrx_word' id='word_1_338' title='bbox 1040 4675 1155 4731; x_wconf 82' lang='lat'><strong>901.</strong></span> <span class='ocrx_word' id='word_1_339' title='bbox 1859 4673 1945 4714; x_wconf 62' lang='grc' dir='ltr'>ω*</span> <span class='ocrx_word' id='word_1_340' title='bbox 1965 4673 2324 4739; x_wconf 84' lang='lat' dir='ltr'>Denz.-Ban.,</span> <span class='ocrx_word' id='word_1_341' title='bbox 2363 4691 2415 4727; x_wconf 92' lang='lat' dir='ltr'>n.</span> <span class='ocrx_word' id='word_1_342' title='bbox 2455 4673 2570 4725; x_wconf 80' lang='lat'><strong>587.</strong></span> 
     </span>
    </p>
   </div>
  </div>
 </body>
</html>
