3509 5267
923 553 1023 616 De
1064 552 1361 616 Clavium
1394 552 1749 616 Potestatis
1785 553 2156 616 Existentia
2190 553 2407 634 Atque
2443 554 2719 617 Natura.
2938 553 3022 616 39

629 732 967 814 utriusque
1005 731 1346 814 potestatis
1385 741 1618 795 natura
1658 743 1722 796 et
1764 730 1913 807 fine,
1954 732 2142 796 “cum
2185 733 2369 797 alteri
2422 732 2759 815 (potestati
2800 734 3011 813 civili)

629 836 929 919 proxime
959 836 1366 918 propositum
1401 836 1485 899 sit
1520 856 1740 899 rerum
1770 836 2143 899 mortalium
2176 856 2405 901 curare
2438 839 2800 913 commoda,
2834 838 3019 902 alteri

641 940 1144 1022 (ecclesiasticae
1197 939 1540 1021 potestati)
1607 940 1907 1004 caelestia
1964 950 2028 1003 et
2086 941 2478 1021 sempiterna
2536 942 2705 1005 bona
2762 962 3022 1023 compa-

632 1044 818 1108 rare'’
870 1043 1167 1125 (Encycl.
1211 1044 1628 1108 “Immortale
1671 1044 1902 1124 Dei”).

717 1165 993 1229 Collatio
1033 1165 1141 1228 illa
1182 1164 1496 1229 indirecta
1535 1164 1741 1246 magis
1790 1164 2125 1239 fundatur,
2166 1176 2239 1229 ut
2279 1165 2438 1229 mihi
2479 1166 2758 1243 videtur,
2801 1165 2867 1230 in
2907 1160 3053 1229 na?

632 1279 780 1333 tura
832 1280 896 1332 et
948 1268 1077 1332 fine
1131 1267 1456 1333 societatis
1508 1279 1648 1333 tum
1703 1269 2169 1333 ecclesiasticae
2224 1279 2366 1334 tum
2418 1260 2646 1345 civilis,
2702 1290 2897 1351 quam
2954 1270 3057 1333 in'

631 1373 846 1437 verbis
894 1374 974 1437 D.
1026 1373 1111 1437 N.
1157 1373 1315 1454 Jesu
1365 1372 1626 1437 Christi.
1720 1372 2020 1437 Christus
2067 1372 2327 1454 quidem
2375 1374 2647 1437 contulit
2698 1376 2773 1439 B.
2824 1374 3021 1436 Petro

631 1498 748 1559 per
802 1477 999 1541 citata
1054 1478 1253 1541 verba
1304 1486 1694 1558 potestatem
1748 1476 2237 1559 amplissimam,
2295 1478 2409 1542 sed
2467 1479 2682 1560 quoad
2742 1497 3012 1559 regnum

631 1580 977 1655 caelorum,
1018 1581 1058 1645 i.
1101 1602 1178 1655 e.,
1216 1581 1433 1662 quoad
1473 1581 1849 1645 Ecclesiam.
1935 1580 2057 1645 Vel
2100 1582 2154 1646 si
2196 1582 2603 1646 contineatur
2643 1581 3021 1662 hujusmodi

632 1694 918 1767 potestas
966 1685 1034 1748 in
1081 1685 1206 1749 illis
1251 1686 1485 1760 verbiS,
1531 1685 1900 1749 continetur
1945 1685 2251 1767 implicite
2278 1678 2505 1762 valde,
2553 1684 2817 1749 minime
2865 1704 3022 1748 vero

633 1789 952 1871 explicite.

719 1893 1022 1957 Ceterum
1073 1892 1140 1956 in
1188 1902 1413 1957 nostra
1461 1893 1915 1957 dissertatione
1965 1913 2096 1956 non
2145 1893 2594 1957 consideratur
2644 1891 3021 1974 hujusmodi

631 2006 918 2078 potestas
963 1997 1360 2079 temporalis,
1409 1982 1523 2061 sed
1569 2007 1857 2078 potestas
1909 1997 2281 2079 spiritualiS,
2330 2008 2395 2061 et
2443 1996 2704 2079 quidem
2753 1996 2819 2059 in
2873 1996 3023 2059 foro

633 2100 1094 2181 poenitentiali,
1123 2110 1213 2188 ,ut
1259 2100 1502 2165 dictum
1549 2111 1665 2164 est.
1698 2175 1702 2178 ¹
2943 2122 2948 2125 ·

728 2221 842 2303 (d)
902 2222 1266 2285 Praeterire
1313 2241 1563 2303 nequeo
1607 2242 1813 2284 unum
1859 2223 2086 2285 saltem
2134 2222 2348 2286 dicere
2392 2222 2662 2286 verbum
2710 2223 2881 2288 circa
2925 2243 3022 2298 ea,

633 2322 912 2407 quae'cl.
950 2320 1170 2407 Joyce,
1209 2328 1327 2391 loc.
1367 2326 1492 2402 cit„
1530 2326 1701 2390 circa
1739 2326 2211 2391 Franciscanos
2248 2326 2493 2390 statuit.

718 2446 1038 2528 Exposita
1088 2446 1240 2511 Crd.
1295 2446 1594 2527 Cajetani
1642 2446 1969 2527 opinione,
2016 2446 2430 2528 prosequitur
2478 2456 2705 2511 auctor
2754 2446 3022 2511 citatus:

636 2550 740 2612 “A
776 2550 1023 2614 similar
1093 2550 1361 2633 opinion
1396 2550 1613 2614 would
1651 2572 1825 2614 seem
1860 2560 1929 2614 to
1965 2550 2130 2614 have
2167 2550 2329 2613 been
2365 2550 2514 2613 held
2550 2551 2634 2631 by
2669 2551 2781 2614 the
2820 2551 2874 2612 F
2878 2571 3023 2613 ran-

634 2654 881 2718 ciscans
911 2655 1130 2719 whose
1159 2654 1359 2719 views
1387 2675 1499 2718 are
1530 2654 1815 2735 rejected
1844 2655 1929 2737 by
1954 2654 2129 2736 John
2160 2654 2364 2715 XXII
2408 2653 2561 2735 (loc.
2592 2653 2765 2734 cit.).
2840 2653 3025 2737 They

635 2758 996 2822 contended
1033 2759 1174 2822 that
1212 2759 1322 2822 the
1362 2758 1541 2840 Pope
1579 2758 1729 2822 held
1768 2780 1807 2822 a
1847 2758 2044 2823 clavis
2082 2758 2387 2822 scientiae
2426 2758 2556 2821 and
2594 2778 2633 2821 a
2673 2757 2872 2821 clavis
2909 2768 3024 2839 po-

638 2862 911 2938 tentiae;
955 2862 1085 2934 and
1125 2863 1290 2938 that,
1335 2862 1583 2943 though
1631 2862 1699 2925 in
1745 2862 1855 2925 the
1898 2882 2046 2926 case
2090 2861 2167 2925 of
2213 2863 2322 2925 the
2372 2862 2571 2926 clavis
2615 2861 2939 2943 potentiae
2986 2880 3027 2923 a

635 2965 921 3029 decision
967 2965 1225 3029 arrived
1271 2975 1340 3029 at
1385 2965 1591 3046 might
1636 2966 1714 3029 be
1764 2964 2067 3029 reversed
2111 2965 2196 3045 by
2242 2986 2281 3027 a
2330 2964 2722 3045 subsequent
2767 2973 2889 3037 act,
2936 2983 3025 3026 no

637 3070 918 3133 reversal
967 3090 1101 3133 was
1149 3069 1430 3150 possible
1479 3069 1697 3133 where
1740 3069 1853 3132 the
1903 3068 2101 3133 clavis
2147 3067 2451 3131 scientiae
2500 3066 2631 3131 had
2680 3067 2841 3147 been
2892 3086 3024 3129 em-

632 3173 962 3254 ,ployed’'².

720 3283 879 3347 Tria
926 3303 1082 3364 ergo
1129 3283 1285 3346 dicit
1330 3282 1564 3365 Joyce:
1617 3281 1690 3360 1)
1750 3282 1805 3343 F
1807 3281 2331 3345 ranciscanorum
2382 3280 2602 3362 opinio
2652 3279 2879 3343 similis
2928 3289 3026 3343 est

639 3386 830 3451 Card.
868 3386 1166 3467 Cajetani
1200 3386 1526 3469 opinioni;
1560 3385 1634 3466 2)
1679 3385 2094 3449 Franciscani
2128 3395 2475 3448 tenuerunt
2513 3383 2817 3449 Summos
2854 3383 3026 3447 Pon-

636 3489 840 3554 tifices
872 3490 1108 3553 habere
1141 3489 1461 3575 duplicem
1491 3490 1760 3563 clavem,
1795 3509 1902 3563 sc„
1935 3488 2182 3552 clavem
2218 3487 2521 3551 scientiae
2553 3496 2747 3569 atque
2780 3486 3024 3549 clavem

637 3594 996 3675 potentiae;
1039 3603 1124 3667 et,
1167 3593 1362 3673 juxta
1387 3593 1577 3673 ipsos
1625 3584 2111 3666 Franciscano'S,
2157 3591 2515 3655 decisiones
2559 3589 2757 3654 clavis
2800 3598 3027 3671 poten-

637 3697 764 3761 tiae
795 3697 1082 3762 revocari
1111 3706 1383 3778 possunt
1412 3717 1530 3778 per
1556 3707 1773 3760 actum
1803 3697 2319 3777 subsequentem,
2349 3694 2464 3758 sed
2492 3694 2691 3758 clavis
2723 3692 3027 3757 scientiae

639 3800 994 3865 decisiones
1035 3800 1322 3864 revocari
1364 3810 1726 3881 nequeunt;
1767 3800 1841 3881 3)
1888 3784 2179 3881 ,Ῐοειῃηεέ
2214 3798 2419 3861 XXII
2462 3796 2687 3878 rejecit
2730 3796 3027 3860 Francis-

638 3924 948 3968 canorum
983 3904 1372 3986 opinionem.

725 4025 917 4106 Resp.
954 4027 1039 4089 ad
1078 4024 1178 4104 1).
1261 4025 1339 4086 In
1374 4023 1600 4106 primis
1636 4023 1933 4105 neganda
1969 4043 2109 4087 esse
2145 4022 2404 4086 videtur
2440 4020 2794 4085 similitudo
2832 4019 3025 4084 Card.

643 4127 939 4209 Cajetani
995 4128 1364 4210 opinionem
1418 4128 1585 4191 inter
1641 4138 1706 4192 et
1762 4126 2267 4197 Franciscalium
2322 4125 2581 4188 illorum
2636 4123 3025 4205 opinionem.

642 4230 817 4293 Nam
879 4231 1070 4295 Card.
1135 4231 1492 4312 Cajetanus
1550 4241 1728 4295 totus
1790 4250 1931 4295 esse
1992 4229 2250 4294 videtur
2314 4227 2381 4291 in
2442 4226 2779 4310 probando
2842 4226 3027 4289 unice

644 4333 985 4397 Summum
1031 4334 1413 4399 Pontificem
1455 4335 1734 4399 clavium
1778 4343 2164 4417 potestatem
2207 4332 2575 4414 possidere;
2622 4330 2778 4393 dum
2825 4330 2879 4391 F
2882 4349 3027 4392 ran-

642 4437 906 4501 ciscales
957 4438 1047 4500 illi
1098 4437 1401 4502 videntur
1454 4438 1750 4502 insistere
1806 4438 1873 4500 in
1924 4436 2274 4501 asserendo
2328 4434 2805 4499 revocationem
2860 4431 3029 4495 deci-

643 4540 897 4604 sionum
939 4541 1310 4622 possibilem
1355 4562 1496 4606 esse
1537 4543 1639 4605 vel
1684 4562 1835 4616 non,
1878 4551 2071 4623 prout
2113 4541 2329 4621 agitur
2374 4539 2454 4602 de
2495 4537 2659 4602 clavi
2703 4536 3029 4617 potentiae

714 4719 743 4758 ²
762 4721 883 4776 The
917 4720 1171 4777 Catholic
1205 4721 1630 4789 Encyclopedia,
1660 4722 1773 4778 vol.
1805 4720 1974 4787 v111,
2006 4719 2181 4777 verbo
2211 4720 2387 4787 Keys,
2420 4718 2627 4774 Power
2657 4715 2724 4773 of
2754 4715 2891 4772 the.-
