3509 5267
919 543 1028 607 De
1061 506 1358 605 Clanium
1392 521 1746 606 Potestdtis
1781 519 2151 605 Existentia
2185 534 2404 622 Atque
2439 541 2510 604 Ν
2512 550 2717 606 atum.
2936 530 3027 607 55'

713 724 1108 814 Secundum
1141 712 1428 811 medium
1458 726 1581 789 'est
1613 724 1950 789 'correctio
2002 710 2228 790 coram·
2276 733 2410 789 un'o
2459 727 2564 789 vel
2620 726 2892 801 duobus,
2946 737 3020 791 ut

625 827 865 892 clarius
901 824 1120 892 videat
1156 838 1457 910 peccator
1495 849 1564 892 se
1603 827 1772 892 male
1810 827 2040 909 egisse,
2077 830 2142 891 et
2182 816 2274 892 sic
2313 820 2830 893 emendationem
2868 850 3020 912 pro-

626 929 860 994 mittat.
944 930 1225 994 Facilius
1265 931 1438 995 enim
1476 930 1820 1017 credimus·
1841 930 2121 995 duorum
2158 931 2260 994 vel
2299 931 2499 995 trium
2524 917 2801 996 ‘testium
2839 932 3019 996 testi-

626 1030 868 1118 moni0,
908 1053 1103 1114 quam
1142 1034 1356 1108 uniuS,
1395 1054 1544 1097 cum
1585 1032 1695 1096 “in
1733 1053 1847 1097 ore
1887 1034 2167 1097 duorum
2206 1034 2308 1098 vel
2349 1034 2548 1097 trium
2588 1034 2851 1099 testium
2894 1044 3019 1099 stet

626 1154 818 1198 omne
860 1134 1172 1199 verbum”
1228 1135 1456 1216 (Deut.
1506 1137 1606 1210 19,
1653 1135 1797 1216 15).
2842 1125 2845 1128 ’

716 1242 1028 1320 Tertium,
1079 1244 1399 1307 medium:
1495 1244 1661 1308 “Dic
1713 1244 2101 1309 Ecclesiae”.
2201 1244 2271 1309 Si
2324 1240 2680 1309 secundum
2710 1246 3021 1331 ’medium'

629 1344 925 1409 inefficax
979 1345 1128 1435 fuit,
1179 1367 1317 1409 rem
1369 1346 1632 1412 deferas
1685 1347 1769 1411 ad
1822 1347 2138 1428 judicium
2190 1348 2536 1435 Ecclesiae.
2632 1332 2748 1413 “Si
2799 1356 3017 1413 autem

629 1446 984 1512 Ecclesiam
1039 1469 1170 1512 non
1223 1449 1547 1537 audierit,
1577 1450 1660 1513 sit
1713 1449 1829 1513 tibi
1885 1450 2051 1514 sicut
2105 1450 2398 1515 ethnicus
2454 1456 2521 1515 et'
2573 1451 3015 1532 publicanus”.

630 1548 701 1614 Si
737 1551 933 1613 homo
968 1551 1074 1615 ille
1109 1551 1356 1632 judicio
1393 1562 1586 1640 atque
1625 1553 1980 1633 sententiae
2018 1553 2345 1617 Ecclesiae
2382 1574 2515 1617 non
2552 1575 2622 1618 se
2661 1553 3016 1630 submittat,

627 1662 691 1715 te
746 1673 934 1734 geras
989 1674 1143 1735 erga
1199 1654 1413 1736 ipsum
1469 1656 1635 1720 sicut
1692 1676 1761 1719 se
1815 1667 2049 1737 gerunt
2104 1644 2337 1737 Judaei
2394 1678 2548 1737 erga
2603 1677 2893 1738 paganos
2951 1667 3016 1720 et

624 1755 1036 1836 publicanos:
1082 1777 1194 1821 eos
1238 1757 1476 1821 habent
1519 1768 1851 1840 tamquam
1900 1758 2289 1834 immundos,
2334 1769 2667 1841 tamquam
2710 1759 3016 1841 gravissi-

626 1878 768 1921 mos
818 1869 1209 1940 peccatores,
1262 1860 1344 1923 ab
1396 1881 1622 1925 eorum
1675 1862 2005 1925 consortio
2058 1857 2382 1926 abstinent
2436 1863 2720 1937 omnino,
2775 1882 3016 1944 eosque

623 1960 887 2025 tandem
930 1982 970 2025 a
1011 1982 1341 2044 synagoga
1385 1963 1676 2027 absolute
1720 1965 2020 2029 exclusos
2064 1964 2320 2028 habent.
2413 1964 2513 2029 Sit
2556 1964 2671 2029 tibi
2718 1985 2873 2047 ergo
2918 1965 3016 2027 in-

621 2062 929 2128 obediens
972 2064 1078 2128 ille
1104 2065 1720 2131 'excommunicatus
1762 2065 2087 2131 vitanduS.
2318 2081 2324 2086 ’
2354 2150 2361 2157 ⁸

709 2172 860 2237 Hoc
912 2194 1066 2237 sane
1115 2174 1402 2238 terribile
1453 2173 1584 2238 est!
1686 2174 1817 2239 Sed
1868 2176 2081 2239 adhuc
2133 2162 2483 2242 terribilius
2536 2185 2635 2241 est
2687 2178 2861 2257 quod
2916 2197 3015 2241 se-

623 2275 878 2356 quitur:
937 2276 1521 2361 excommunicatio
1576 2277 1905 2341 Ecclesiae
1963 2278 2320 2342 ratificatur
2375 2290 2439 2343 et
2494 2276 2917 2343 confirmatur
2973 2300 3014 2343 a

625 2378 800 2441 Deo:
883 2376 1139 2441 “Amen
1176 2380 1321 2459 dico
1357 2380 1562 2455 vobiS,
1601 2384 2042 2462 quaecumque
2082 2365 2499 2463 alligaveritis
2539 2372 2733 2464 super
2770 2392 3013 2445 terram

622 2476 813 2543 erunt
855 2480 1051 2561 ligata
1089 2491 1153 2546 et
1194 2481 1262 2545 in
1301 2483 1480 2546 caelo
1526 2532 1540 2547 .
1589 2533 1604 2546 .
1651 2532 1665 2546 .
1713 2482 1771 2546 .”

710 2593 1022 2657 Similiter
1070 2594 1390 2658 sententia
1437 2594 1834 2658 absolutoria
1882 2593 2209 2657 Ecclesiae
2262 2592 2618 2657 ratificatur
2667 2603 2732 2657 et
2778 2592 3013 2657 confir-

623 2707 839 2761 matur
881 2718 921 2761 a
966 2698 1142 2761 Deo:
1231 2696 1737 2778 “Quaecumque
1781 2696 2103 2761 solveritis
2148 2716 2343 2777 super
2384 2683 2629 2763 terram
2673 2707 2862 2759 erunt
2909 2715 3013 2761 so-

623 2800 758 2863 luta
796 2804 860 2864 et
902 2800 969 2862 in
1007 2798 1246 2864 caelo”.
1332 2799 1651 2880 Magnum
1691 2799 1994 2863 solatium
2034 2819 2156 2879 pro
2196 2797 2638 2879 peccatoribus
2679 2800 3011 2880 poeniten-

622 2902 827 2967 tibus!

708 3006 835 3069 Per
875 2990 1034 3069 haec
1074 3005 1289 3086 itaque
1329 3004 1527 3069 verba
1568 3004 2049 3085 “quaecumque
2092 3003 2530 3084 alligaveritis,
2570 3023 3010 3085 quaecumque

623 3106 1006 3182 solveritis”,
1057 3107 1377 3171 Dominus
1427 3106 1764 3188 Apostolis
1814 3106 2255 3189 plenissimam
2303 3105 3012 3187 potestatem—“quae-

621 3210 1342 3302 cumque'’—promittit
1389 3209 1603 3291 quoad
1653 3218 2042 3291 peccatores.
2136 3209 2420 3272 Possunt
2469 3228 2624 3289 ergo
2673 3208 3009 3295 Apostoli:

704 3328 779 3408 a)
841 3328 1169 3407 declarare
1222 3329 1377 3410 quid
1430 3328 1676 3392 licitum
1729 3328 1834 3403 sit,
1885 3327 2042 3409 quid
2094 3347 2252 3391 vero
2304 3347 2436 3390 non
2454 3326 2632 3406 ;—-b)
2695 3328 3010 3409 praescri-

620 3430 770 3513 bere
829 3431 1003 3512 quod
1065 3431 1222 3513 ipsis
1282 3431 1582 3495 videatur
1640 3430 2078 3495 necessarium
2138 3440 2251 3493 aut
2312 3430 2469 3493 utile
2531 3430 2615 3493 ad
2674 3440 3009 3510 peccatum

621 3532 958 3597 vitandum
1021 3534 1421 3615 salutemque
1485 3534 1851 3596 animarum
1914 3532 2389 3614 procurandam
2409 3530 2581 3611 ;-'—c)
2659 3532 2712 3595 si
2776 3532 3009 3613 aliquis

619 3636 999 3715 peccaverit,
1033 3646 1307 3718 possunt
1341 3656 1728 3718 cognoscere
1766 3636 1846 3700 de
1881 3655 2077 3699 causa
2096 3634 2278 3714 3—d)
2322 3645 2596 3716 possunt
2633 3634 2829 3698 etiam
2866 3654 3010 3697 sen·

619 3738 888 3801 tentiam
930 3738 1104 3802 ferre
1141 3738 1422 3819 liyandO,
1459 3749 1794 3819 peccatum
1834 3759 1919 3802 sc.
1962 3737 2319 3813 retinendO,
2354 3757 2598 3820 poenas
2637 3734 3007 3816 infligendO,

618 3840 720 3903 vel
764 3841 1096 3916 solvendo,
1141 3851 1476 3921 peccatum
1520 3862 1606 3905 sc.
1651 3841 2081 3904 condonando
2126 3862 2165 3904 a
2209 3840 2562 3921 poenisque
2604 3848 3007 3921 peccatorem

620 3942 984 4007 eximendo.
1064 3942 1151 4008 Et
1188 3944 1346 4007 haec
1384 3943 1602 4007 omnia
1640 3943 2084 4007 ratihabentur
2122 3963 2161 4006 a
2201 3944 2343 4008 Deo
2382 3942 2449 4005 in
2486 3942 2682 4006 caelo,

704 4050 894 4116 Clare
945 4071 1101 4133 ergo
1153 4051 1490 4134 Apostolis
1545 4050 1866 4115 Dominus
1918 4050 2239 4132 promittit
2290 4050 2569 4114 clavium
2615 4050 3008 4131 'potestatem

619 4152 794 4217 hisce
833 4153 1068 4218 verbis.
1154 4153 1339 4219 Haec
1379 4163 1597 4218 autem
1639 4162 1928 4234 potestas
1972 4153 2167 4217 etiam
2210 4152 2545 4235 Apostolis
2586 4152 3007 4234 promittitur,

618 4255 771 4336 quia
801 4255 1044 4319 Christi
1078 4256 1368 4320 Ecclesia
1396 4276 1514 4338 per
1542 4276 1768 4320 omnes
1800 4255 2025 4319 mundi
2056 4265 2275 4337 partes
2306 4254 2589 4319 diffundi
2622 4254 2914 4329 debebat,
2943 4263 3008 4317 et

620 4377 789 4421 unus
827 4358 1062 4422 Petrus
1098 4378 1230 4421 non
1267 4358 1584 4439 potuisset
1621 4358 1842 4421 omnia
1878 4358 2171 4438 judicare
2210 4378 2327 4440 per
2366 4357 2800 4438 semetipsum.

704 4465 889 4529 Haec
931 4466 1232 4531 deductio
1274 4486 1406 4529 non
1446 4486 1716 4548 parvam
1760 4466 1880 4529 sibi
1922 4466 2198 4547 acquirit
2238 4465 2688 4530 auctoritatem
2730 4485 2815 4527 ex
2855 4483 3007 4527 con-

625 4565 908 4631 fessione
940 4568 1439 4650 protestantium
1472 4568 1918 4649 interpretum,
1952 4568 2046 4631 uti
2081 4568 2236 4631 Keil
2270 4578 2333 4631 et
2371 4565 2457 4632 W
2457 4567 2568 4631 eis.
2646 4565 2734 4630 Cf
2740 4585 2788 4630 r.
2826 4563 3008 4628 Kna-

618 4668 962 4745 benbauer,
999 4671 1041 4732 1.
1080 4689 1136 4733 c.
1763 4661 1772 4670 ⁴
1987 4657 1998 4663 ”
