3509 5267
867 525 967 587 De
1008 523 1304 587 Cluvium
1338 523 1692 586 Potestatis
1728 521 2100 586 Existentia
2132 523 2350 602 Atque
2385 522 2663 586 Natura.
2880 525 2962 587 91

572 718 803 790 agente
831 728 949 790 per.
976 706 1341 790 apostolum
1371 715 1703 788 tamquam
1733 705 2049 770 vicarium
2083 726 2294 782 suum,
2324 706 2500 788 quod
2531 706 2599 770 in
2629 707 2964 789 evangelio

574 811 809 893 legitur
853 809 1086 875 iecisse
1124 829 1243 892 per
1282 807 1469 873 se”⁶⁶.

656 913 885 977 Minor
944 913 1276 994 probatur,
1341 932 1451 987 sc„
1514 911 1871 975 Dominum
1933 920 2229 976 nostrum
2294 911 2620 976 remisisse
2681 922 2963 995 peccata.

575 1014 861 1097 Quando
907 1015 1229 1079 Dominus
1273 1023 1413 1078 erat
1458 1014 1634 1095 apud
1678 1013 2094 1096 pharisaeum
2138 1013 2342 1090 illum,
2387 1014 2496 1096 qui
2543 1015 2758 1097 ipsum
2803 1013 2967 1078 invi-

575 1128 846 1193 taverat,
889 1118 1003 1182 “ut
1045 1117 1465 1182 manducaret
1507 1138 1657 1181 cum
1702 1115 1875 1192 illo”,
1917 1117 2238 1198 quaedam
2279 1116 2572 1194 “mulier,
2616 1138 2783 1200 quae
2826 1127 2966 1181 erat

577 1221 645 1284 in
689 1219 951 1284 civitate
995 1219 1388 1302 peccatrix”‚
1435 1219 1727 1302 ingressa
1775 1230 1875 1284 est
1923 1220 2190 1284 domum
2237 1220 2583 1302 pharisaei,
2632 1221 2738 1284 “et
2788 1230 2967 1285 stans

578 1333 754 1387 retro
796 1343 981 1387 secus
1023 1323 1221 1404 pedes
1264 1322 1551 1397 Domini,
1593 1323 1898 1404 lacrymis
1940 1323 2152 1405 coepit
2195 1323 2408 1404 rigare
2449 1323 2648 1404 pedes
2691 1323 2857 1405 ejuS,
2902 1333 2968 1386 et

576 1425 825 1508 capillis
876 1424 1106 1507 capitis
1158 1425 1258 1490 sui
1312 1425 1624 1507 tergebat,
1678 1435 1743 1489 et
1794 1426 2208 1490 osculabatur
2258 1426 2456 1508 pedes
2511 1425 2677 1508 ejuS,
2732 1436 2796 1490 et
2847 1446 2968 1489 un-

575 1538 817 1610 guento
849 1527 1189 1610 ungebat”.
1268 1527 1453 1592 Haec
1485 1528 1703 1592 omnia
1740 1527 1990 1592 Simoni
2023 1527 2367 1611 pharisaeo
2400 1549 2532 1592 non
2565 1530 2966 1611 placuerunt,

576 1630 913 1712 coepitque
944 1650 1370 1694 murmurare.
1447 1630 1577 1695 Sed
1609 1631 1896 1695 Domino
1923 1631 2325 1714 placuerunt,
2355 1641 2421 1695 et
2453 1631 2602 1713 Ipse
2630 1631 2967 1695 mulierem

578 1731 875 1796 defendit
920 1742 1114 1814 atque
1158 1732 1327 1797 dixit
1375 1733 1500 1797 “ad
1548 1733 1758 1796 illam.
1850 1733 2298 1798 Remittuntur
2345 1734 2464 1798 tibi
2506 1743 2790 1816 peccata.
2881 1735 2968 1798 Et

577 1844 947 1917 coeperunt,
996 1834 1107 1916 qui
1159 1836 1351 1899 simul
1402 1835 1910 1937 discumbebant,
1961 1836 2176 1901 dicere
2226 1837 2399 1901 intra
2451 1857 2555 1902 se:
2650 1836 2820 1919 Quis
2870 1846 2968 1900 est

576 1936 680 2001 hic
715 1937 825 2019 qui
864 1937 1061 2002 etiam
1094 1947 1359 2020 peccata
1394 1938 1724 2002 dimittit?
1729 1938 1821 2002 ⁹⁶⁶.
1902 1939 2082 2021 Ergo
2121 1939 2444 2004 Dominus
2483 1939 2818 2003 mulierem
2857 1940 2969 2012 ab·

578 2039 792 2114 solvit,
840 2051 904 2104 et
950 2061 1083 2104 non
1129 2050 1384 2105 tantum
1432 2061 1577 2105 eam
1625 2041 1989 2106 absolutam
2038 2042 2409 2106 declaravit.

664 2141 795 2207 Sed
829 2142 1128 2207 forsitam
1158 2143 1305 2225 quis
1335 2143 1541 2207 dicat:
1575 2144 1898 2209 Dominus
1929 2165 2061 2208 non
2090 2143 2386 2219 absolvit,
2416 2144 2570 2226 quia
2599 2164 2732 2209 non
2763 2143 2971 2225 loqui-

575 2253 685 2308 tur
729 2244 991 2309 nomine
1036 2246 1322 2328 proprio,
1371 2247 1484 2311 sed
1531 2247 1728 2311 modo
1776 2246 2225 2329 impersonali:
2315 2246 2806 2310 “Remittuntur
2851 2245 2968 2309 tibi

577 2347 899 2429 peccata”.

664 2465 1133 2546 Resp.—Haec
1191 2465 1473 2547 objectio
1530 2487 1647 2549 per
1706 2467 1867 2531 illud
1926 2467 2200 2532 solvitur
2257 2467 2434 2549 quod
2493 2466 2970 2547 discumbentes

579 2567 919 2632 dixerunt:
1003 2567 1220 2650 “Quia
1258 2579 1355 2634 est
1394 2569 1496 2633 hic
1535 2569 1645 2651 qui
1684 2570 1882 2633 etiam
1918 2579 2182 2652 peccata
2222 2569 2487 2634 dimittit
2502 2569 2572 2632 ?''
2653 2569 2831 2649 Ergo
2873 2569 2977 2632 in-.

579 2672 966 2734 tellexerunt
1006 2671 1361 2735 Dominum
1400 2672 1607 2754 egisse
1645 2672 1905 2737 nomine
1943 2672 2229 2755 proprio,

664 2776 913 2841 Eadem
954 2777 1167 2842 minor
1204 2777 1518 2859 probatur
1556 2797 1674 2858 per
1711 2776 2096 2840 miraculum
2136 2776 2204 2838 in
2245 2775 2600 2858 paralytico
2642 2785 2970 2858 patratum
3025 2805 3040 2818 ·

580 2898 620 2942 a
664 2879 966 2943 Domino.
1056 2879 1377 2944 Dominus
1422 2879 1594 2943 enim
1638 2878 1851 2942 “dixit
1892 2878 2283 2961 paralytico:
2374 2877 2666 2954 Confide,
2712 2877 2823 2954 fili,
2867 2899 2970 2942 re-

581 2980 929 3044 mittuntur
971 2991 1238 3063 peccata
1284 2982 1455 3047 ἐπ”.
1548 2981 1635 3045 Et
1684 2982 1839 3063 quia
1883 2982 2006 3045 hoc
2053 2980 2222 3045 dixit
2273 2979 2614 3055 Dominus,
2664 2981 2971 3061 “quidam

581 3084 663 3147 de
700 3083 929 3148 scribis
966 3083 1274 3149 dixerunt
1313 3084 1484 3148 intra
1525 3104 1627 3148 se:
1712 3084 1845 3147 Hic
1882 3083 2302 3165 blasphemat.
2388 3083 2474 3146 Et
2514 3103 2661 3146 cum
2702 3082 2972 3147 vidisset

579 3185 771 3266 Jesus
810 3185 1234 3268 cogitationes
1272 3206 1519 3262 eorum,
1559 3186 1763 3250 dixit:
1845 3186 1942 3251 Ut
1981 3185 2137 3266 quid
2175 3185 2474 3266 cogitatis
2513 3186 2684 3248 mala
2724 3184 2791 3247 in
2830 3205 2972 3248 cor-

581 3287 771 3352 dibus
798 3288 1079 3354 vestris?
1148 3287 1330 3372 Quid
1357 3299 1458 3353 est
1489 3289 1745 3353 facilius
1777 3289 2024 3353 dicere:
2099 3287 2535 3351 Dimittuntur
2562 3286 2678 3351 tibi
2710 3295 2973 3368 peccata

582 3399 715 3465 tua,
748 3411 833 3453 an
867 3391 1113 3455 dicere:
1195 3391 1423 3473 Surge,
1458 3402 1522 3455 et
1555 3390 1861 3455 ambula?
1937 3390 2033 3455 Ut
2067 3400 2286 3454 autem
2323 3389 2540 3454 sciatis
2575 3389 2728 3470 quia
2767 3388 2972 3453 Filius

584 3491 864 3556 hominis
914 3492 1106 3557 habet
1152 3502 1539 3575 potestatem
1588 3493 1656 3556 in
1704 3503 1881 3557 terra
1931 3491 2298 3557 dimittendi
2344 3501 2626 3572 peccata,
2676 3499 2831 3555 tunc
2880 3491 2973 3554 ait

578 3594 971 3676 paralytico:
1047 3595 1275 3678 Surge,
1302 3596 1457 3660 tolle
1487 3596 1723 3660 lectum
1750 3605 1958 3670 tuum,
1990 3605 2056 3659 et
2084 3595 2250 3659 vade
2278 3595 2345 3657 in
2377 3594 2642 3658 domum
2673 3592 2972 3658 tuam”⁶⁷.

584 3696 762 3779 Ergo
802 3697 1123 3763 Dominus
1160 3719 1294 3762 non
1329 3707 1582 3762 tantum
1625 3697 1977 3762 declaravit
2017 3697 2483 3772 remissionem,
2523 3696 2638 3760 sed
2679 3697 2973 3760 eamdem
3031 3729 3036 3736 ‹

582 3798 850 3882 peregit.

670 3906 1082 3989 III.-Quod
1130 3907 1411 3973 clavium
1461 3917 1749 3991 potestas
1798 3929 1930 3972 non
1979 3917 2233 3972 tantum
2283 3906 2694 3983 declarativa,
2744 3927 2973 3971 verum

585 4007 781 4072 etiam
823 4009 1160 4074 remissiva
1200 4010 1305 4086 sit,
1344 4011 1517 4075 clare
1558 4010 1982 4075 confirmatur
2022 4031 2108 4074 ex
2149 4009 2279 4074 fide
2321 4030 2454 4074 non
2497 4010 2707 4074 solum
2753 4008 2974 4072 Eccle-

584 4109 719 4174 siae
748 4109 1103 4187 Romanae,
1134 4113 1248 4176 sed
1276 4112 1471 4177 etiam
1502 4134 1587 4177 ex
1616 4112 1745 4177 fide
1776 4112 2104 4177 Ecclesiae
2135 4112 2442 4188 Graecae,
2473 4111 2674 4176 immo
2703 4131 2790 4174 ex
2821 4131 2975 4175 con-

585 4213 877 4278 cessione
926 4213 1218 4296 ipsorum
1270 4215 1686 4298 antiquorum
1736 4215 2228 4279 haereticorum.
2328 4215 2408 4278 In
2462 4224 2744 4278 mentem
2797 4232 2975 4277 reco-

584 4312 775 4389 latur,
817 4338 879 4379 v.
922 4336 1005 4397 g.,
1047 4318 1490 4382 controversia
1532 4317 2019 4382 Catholicorum
2062 4337 2211 4381 cum
2258 4315 2680 4381 Montanistis
2725 4325 2790 4380 et
2837 4315 2900 4378 N
2904 4334 2975 4378 o-

584 4415 864 4482 vatianis
908 4417 1046 4499 jam
1090 4420 1348 4484 saeculo
1393 4420 1482 4484 ΙΙ.
1570 4419 1791 4484 Verba
1833 4418 2268 4484 concessionis
2312 4418 2592 4483 clavium
2635 4415 2976 4500 potestatis

586 4518 752 4582 adeo
786 4519 961 4582 clara
996 4531 1168 4595 sunt,
1201 4532 1275 4585 ut
1307 4522 1392 4586 ab
1428 4522 1586 4604 ipsis
1621 4521 1963 4587 haereticis
1999 4521 2221 4603 negari
2259 4541 2392 4585 non
2426 4520 2711 4603 potuerit
2746 4518 2978 4599 hujus-

670 4685 952 4752 ⁶⁶Estius‚
997 4687 1041 4742 1.
1083 4705 1145 4754 c.,
1186 4705 1310 4755 pag.
1352 4689 1451 4746 236
1494 4710 1535 4746 s.
1668 4690 1838 4747 ⁰⁶Lc.
1871 4691 1924 4750 4.
1953 4689 2134 4744 36-50.
2257 4687 2314 4728 θ’(
2333 4689 2439 4743 Mt.
2472 4689 2522 4746 9.
2556 4688 2660 4744 1-8.
