3509 5267
909 529 1009 592 De
1051 529 1347 593 Cluvium
1382 531 1735 595 Potestatis
1771 530 2141 594 Existentia
2176 533 2394 611 Atque
2417 533 2706 596 ‘Natu-ra.
2935 536 3014 598 71

627 711 855 793 Itaque
906 711 1145 786 miseri,
1199 712 1355 775 dum
1405 712 1473 776 in
1524 713 1721 776 Petro
1771 722 2024 794 petram
2075 734 2206 778 non
2258 714 2624 796 intelligunt
2674 726 2738 780 et
2789 716 3017 781 nolunt

623 814 886 877 credere
925 815 1111 879 datas
1150 815 1477 879 Ecclesiae
1514 815 1728 880 claves
1770 815 1950 898 regni
1989 817 2336 892 caelorum,
2378 817 2500 899 ipsi
2541 839 2651 883 eas
2690 820 2771 883 de
2811 819 3016 900 manif

621 915 743 980 bus
784 915 1159 981 amiserunt'
1165 917 1261 980 ’.24

719 1029 830 1111 (1)
883 1031 961 1094 In
1000 1032 1055 1095 C
1057 1033 1587 1099 onstituttonibus
1621 1034 2111 1114 Apostolorum,
2150 1035 2256 1100 lib.
2297 1039 2356 1112 2,
2394 1057 2532 1119 cap.
2577 1040 2674 1112 11,
2713 1037 3013 1118 Apostoli

625 1133 1125 1199 introducuntur
1162 1136 1246 1199 ad
1286 1136 1660 1217 episcopum
1702 1138 2022 1202 dicentes:
2107 1138 2229 1201 “In
2269 1139 2537 1204 ecclesia
2577 1140 2728 1204 sede
2773 1161 3015 1205 sermo-

623 1255 773 1299 nem
818 1235 1086 1311 faciens,
1128 1248 1201 1301 ut
1243 1238 1353 1320 qui
1394 1249 1782 1320 potestatem
1823 1240 2060 1306 habeas
2105 1240 2439 1322 judicandi
2483 1264 2594 1308 eos
2637 1244 2747 1325 qui
2790 1263 3014 1326 pecca-

625 1347 877 1402 verunt.
975 1338 1305 1420 Quoniam
1358 1343 1544 1406 vobis
1598 1343 1917 1424 episcopis
1971 1344 2216 1408 dictum
2271 1354 2402 1408 est:
2508 1345 2807 1423 Quorum
2859 1346 3016 1427 ἱέρα-

622 1440 849 1505 veritis
895 1491 909 1504 .
956 1493 971 1506 .
1019 1493 1033 1506 .
1125 1443 1359 1524 Judica
1408 1444 1625 1526 igitur,
1678 1446 1998 1528 episcope,
2048 1457 2367 1528 potestate
2422 1447 2632 1514 fretus
2681 1459 3014 1531 tamquam

625 1542 865 1607 Deus'’.

717 1656 856 1738 (m)
899 1657 1118 1721 Etiam
1151 1657 1217 1720 in
1251 1678 1433 1722 sacra
1468 1657 1766 1739 Litury-ia
1799 1659 2390 1723 commemorantur
2422 1660 2636 1726 claves
2668 1670 2862 1742 atque
2887 1682 3013 1724 ex-

620 1759 923 1842 primitur
947 1746 1181 1824 sensus
1212 1760 1293 1824 de
1323 1760 1612 1842 ipsarum
1642 1760 1922 1825 clavium
1952 1761 2396 1843 permanentia
2429 1763 2496 1827 in
2527 1764 2835 1829 Ecclesia.
2913 1765 3014 1829 Ita

622 1861 688 1926 in
721 1863 776 1926 C
777 1863 1094 1927 (monibus
1123 1863 1469 1946 Hippolyti
1496 1864 1739 1945 petitur
1773 1864 1839 1926 in
1871 1864 2279 1929 ordinatione
2312 1866 2630 1948 episcopi:
2708 1867 3012 1943 “Tribue,

621 1965 816 2029 etiam
858 1965 970 2040 illi,
1016 1966 1314 2039 Domine,
1358 1965 1800 2048 episcopatum
1843 1978 1908 2031 et
1951 1968 2250 2050 spiritum
2294 1969 2673 2034 clementem
2714 1971 2799 2033 ad
2845 1970 3012 2033 redi-

519 2077 523 2082 “
618 2069 855 2131 menda
902 2079 1200 2149 peccata;
1249 2079 1312 2132 et
1361 2069 1571 2133 tribue
1622 2070 1713 2132 illi
1769 2069 2145 2135 facultatem
2178 2072 2280 2135 'ad
2330 2072 2745 2137 dissolvenda
2793 2074 3012 2137 omnia

541 2251 545 2255 .
618 2170 877 2234 vincula
928 2171 1341 2251 iniquitatum
1394 2171 2014 2237 daemonum''.—In
2070 2174 2125 2237 C
2125 2173 2656 2239 onstitutionibus
2709 2176 3011 2240 eccles-iae

618 2274 1028 2355 aeyyptiacae
1056 2294 1177 2355 pro
1203 2275 1506 2357 episcopo
1530 2276 1806 2357 petitur:
1837 2276 2154 2340 “Peccata
2181 2271 2478 2341 dimittat‘
2491 2277 2683 2358 juxta
2707 2298 3012 2360 praecep-

616 2377 758 2438 tum
815 2386 1001 2440 tuum
1048 2426 1061 2440 .
1110 2427 1124 2440 .
1172 2426 1185 2440 .
1231 2386 1295 2440 et
1352 2377 1419 2439 in
1476 2377 1716 2441 virtute
1773 2379 2112 2460 potestatis
2172 2379 2508 2461 Apostolis
2567 2380 2698 2445 tuis
2757 2379 3010 2453 collata,

618 2479 836 2542 omnia
873 2499 1229 2563 poenarum
1267 2481 1525 2544 vincula
1565 2481 1896 2545 solvat”²⁶.

714 2586 828 2667 (n)
875 2587 947 2652 S.
984 2589 1341 2654 Atanasius
1380 2592 1782 2654 sacerdotem
1819 2591 2099 2655 clavium
2136 2612 2578 2673 possessorem
2616 2593 3008 2675 proclamat:

618 2684 1231 2770 ‘Quemadmodum
1287 2693 1482 2756 homo
1536 2714 1575 2756 a
1632 2695 1966 2758 sacerdote
2009 2695 2384 2808 ‘baptizatus
2444 2694 2726 2777 Spiritus
2787 2695 3008 2760 Sancti

616 2792 827 2870 gratia
870 2792 1289 2868 illuminatur,
1332 2795 1422 2858 ita
1465 2796 1574 2875 qui
1617 2795 1962 2859 confitetur
2005 2795 2072 2860 in
2114 2797 2510 2878 poenitentia
2552 2817 2670 2880 per
2713 2798 3009 2862 sacerdo·

618 2902 749 2956 tem
794 2893 1035 2958 Christi
1080 2897 1525 2961 remissionem
1566 2898 1819 2979 accipit’
1825 2898 1921 2963 ’.²⁶

712 3007 825 3088 (o)
870 3008 1192 3071 Eumdem
1226 3017 1607 3089 conceptum
1642 3007 1951 3089 exprimit
1983 3007 2056 3073 S.
2090 3009 2378 3074 Ioannes
2415 3009 2642 3093 Chrys,
2681 3009 2761 3073 de
2799 3030 3008 3073 sacer-

618 3109 912 3175 dotibus:
1000 3110 1273 3191 “Neque
1319 3110 1492 3173 enim
1536 3120 1791 3174 tantum
1837 3132 1956 3176 nos
2005 3122 2386 3193 regenerant
2442 3112 2846 3192 (sacerdotes
2891 3134 3007 3195 per

616 3211 1075 3294 baptismum),
1138 3213 1250 3276 sed
1314 3213 1510 3276 etiam
1570 3223 1718 3296 post
1784 3215 2336 3295 regenerationem
2399 3215 2683 3280 admissa
2745 3226 3007 3298 peccata

616 3316 984 3379 condonare
1052 3315 1447 3397 possunt’'²⁷.
1493 3314 1580 3379 Et
1651 3315 1819 3380 ratio
1887 3337 2088 3399 quare
2158 3317 2524 3382 sacerdotes
2595 3319 2717 3382 hoc
2787 3317 3006 3383 'facere

614 3428 887 3498 possunt
932 3428 1049 3492 est,
1096 3417 1247 3499 quia
1294 3418 1615 3483 Dominus
1661 3430 1883 3483 noster
1927 3421 2118 3501 Jesus
2167 3420 2466 3486 Christus
2512 3421 2604 3486 eis
2652 3423 2818 3486 hanc
2862 3442 3005 3486 cae-

615 3519 841 3584 lestem
869 3521 1141 3584 contulit
1168 3531 1589 3603 potestatem:
1664 3521 2169 3604 “Quaecumque
2200 3523 2457 3588 inferne
2499 3524 2639 3605 (hic
2669 3525 2736 3587 in
2766 3524 2994 3604 terris)

616 3623 981 3687 sacerdotes
1028 3622 1278 3687 faciunt
1319 3623 1545 3687 eadem
1590 3625 1770 3689 Deus
1813 3646 2090 3706 superne
2133 3626 2494 3703 confirmat,
2541 3648 3004 3709 servorumque

614 3725 999 3788 sententiam
1057 3725 1195 3806 ipse
1252 3725 1571 3790 Dominus
1628 3736 1837 3790 ratam
1898 3727 2074 3791 facit.
2175 3727 2356 3810 Quid
2412 3729 2585 3792 enim
2643 3729 2819 3793 aliud
2877 3729 3003 3793 illis

614 3825 791 3889 dedit
852 3847 1048 3909 quam
1111 3848 1369 3892 omnem
1430 3829 1805 3893 caelestium
1865 3831 2297 3911 potestatem?
2404 3832 2613 3895 Nam:
2684 3832 3002 3909 Quorum,

615 3927 843 4011 inquit,
898 3929 1280 3994 remiseritis
1334 3940 1615 4011 peccata,
1673 3933 2094 3996 remittuntur
2150 3933 2262 3998 eis.
2363 3933 2552 4016 Quae
2609 3935 2825 4015 major
2883 3934 3003 3999 hac

612 4039 897 4110 potestas
959 4032 1203 4096 fuerit?
1304 4034 1514 4098 Omne
1568 4035 1891 4116 judicium
1948 4036 2125 4099 dedit
2181 4037 2381 4100 Pater
2437 4037 2627 4112 Filio,
2685 4036 3003 4119 videoque

613 4131 826 4213 ipsum
867 4141 1058 4198 omne
1101 4134 1225 4200 illis
1280 4135 1795 4218 (sacerdotibus)
1831 4137 2162 4201 'traditum
2205 4161 2245 4203 a
2290 4139 2457 4204 Filio
2505 4139 2833 4204 fuisse”²⁸.

706 4239 819 4324 (p)
873 4242 943 4307 S.
989 4243 1123 4307 Leo
1172 4245 1253 4306 M
1254 4266 1461 4325 aquus
1506 4247 1809 4327 reprobat
1854 4247 2030 4310 illam
2074 4248 2506 4338 quorumdam
2550 4248 3000 4331 episcoporum

610 4343 880 4423 pravam
954 4347 1489 4411 consuetudinem
1562 4349 1815 4429 publice
1892 4351 2142 4431 legendi
2219 4350 2664 4416 confitentium
2735 4361 3001 4434 peccata

690 4528 746 4566 24
766 4531 853 4586 De
894 4533 1081 4597 Agon.
1127 4533 1349 4598 Christ„
1394 4553 1496 4600 cap
1538 4537 1586 4590 3.
2188 4536 2245 4575 2⁷
2266 4537 2465 4603 Rouet,
2507 4558 2559 4593 n.
2603 4539 2747 4593 1120.

690 4608 746 4647 ²⁶
766 4609 890 4667 cfr.
932 4613 1281 4682 Tanquerey,
1324 4616 1412 4671 De
1455 4616 1691 4682 Poenit.‚
1731 4633 1858 4683 pag.
1901 4619 2016 4674 504.
2186 4617 2243 4657 ²8
2265 4619 2463 4685 Rouet,
2498 4638 2550 4674 n.
2588 4620 2731 4675 1119.

689 4688 749 4728 ²⁶
768 4691 965 4759 Rouet,
1013 4712 1066 4749 n.
1113 4695 1227 4750 801.
2353 4705 2358 4709 ’
