3509 5267
559 516 646 579 36
866 517 966 579 De
1004 515 1300 579 clavium
1335 516 1688 580 Potestatis
1724 515 2095 581 Existentia
2128 520 2346 597 Atque
2385 517 2455 579 N
2457 526 2663 581 atum.

564 696 908 776 nitentiae)
957 696 1280 772 contriti0,
1321 695 1650 761 confessio
1691 706 1755 760 et
1795 694 2200 760 satisfactio”
2240 697 2654 779 intelligenda
2693 718 2834 763 esse
2875 700 2956 763 de

562 800 855 883 partibus
891 798 1356 876 essentialibus,
1393 799 1544 881 quia
1577 800 1735 863 haec
1772 810 1870 865 est
1903 819 2087 865 mens
2121 800 2323 865 totius
2356 801 2789 883 quaestionis;
2823 823 2955 866 non

564 913 782 968 autem
832 903 1246 986 intelligenda
1295 924 1437 969 esse
1483 903 1794 968 absolute.
1888 903 2085 968 Unde
2132 924 2265 968 non
2317 904 2481 970 Ven.
2536 904 2789 981 Scotus,
2840 906 2955 971 sed

567 1007 796 1082 Pesch,
841 1007 1264 1089 corrigendus
1313 1017 1429 1083 est,
1478 1007 1588 1089 qui
1636 1007 1793 1071 citat
1841 1007 2102 1089 quidem
2149 1007 2347 1073 verba
2395 1009 2773 1087 materialia,
2823 1030 2955 1074 non

563 1121 782 1175 tamen
818 1111 1118 1185 advertit,
1156 1121 1229 1175 ut
1265 1110 1543 1186 videtur,
1582 1111 1667 1175 ad
1706 1132 1969 1176 sensum
2009 1112 2424 1194 quaestionis,

652 1215 779 1277 Per
823 1214 1266 1279 Poenitentiae
1311 1224 1787 1279 sacramentum
1829 1215 2246 1279 dimittuntur
2288 1225 2553 1297 peccata
2592 1226 2742 1298 post
2784 1218 2959 1299 Bap-

568 1318 833 1382 tismum
873 1319 1166 1384 comissa.
1255 1318 1662 1383 Poenitentia
1701 1319 1902 1400 igitur
1944 1339 2075 1385 non
2116 1331 2215 1384 est
2258 1330 2734 1385 sacramentum
2776 1320 2957 1385 vivo-

567 1442 733 1497 rum,
771 1421 838 1485 id
875 1433 991 1497 est,
1028 1443 1159 1486 non
1196 1433 1294 1487 est
1331 1433 1807 1487 sacramentum
1844 1444 1974 1504 quo
2012 1424 2368 1506 acquiritur
2406 1424 2690 1488 secunda
2725 1424 2959 1506 gratia,

567 1546 681 1590 seu
714 1535 1134 1607 augmentum
1166 1527 1448 1607 gratiae;
1482 1527 1596 1590 sed
1630 1537 1728 1591 est
1765 1537 2240 1591 sacramentum
2274 1538 2702 1602 mortuorum,
2738 1528 2804 1591 id
2839 1538 2957 1602 est,

565 1650 683 1711 per
723 1629 936 1712 ipsum
978 1629 1306 1694 obtinetur
1344 1631 1555 1712 prima
1599 1631 1828 1712 gratia,
1872 1651 1987 1695 seu
2030 1631 2305 1696 efficitur
2346 1631 2660 1697 transitus
2700 1653 2740 1696 a
2784 1641 2959 1695 statu

567 1732 811 1813 peccati
866 1733 1160 1797 mortalis
1212 1743 1276 1797 et
1330 1732 1702 1797 inimicitiae
1760 1733 1882 1796 Dei
1937 1733 2022 1797 ad
2078 1743 2319 1798 statum
2372 1732 2621 1815 gratiae
2676 1733 2961 1799 sanctifi-

567 1835 772 1899 cantis
813 1846 877 1899 et
915 1835 1235 1899 amicitiae
1276 1835 1552 1900 divinae.
1638 1835 1797 1899 Ideo
1833 1856 1876 1899 a
1916 1834 2219 1899 Patribus
2260 1846 2324 1899 et
2364 1835 2681 1916 theologis
2724 1836 2957 1900 Poeni-

567 1938 770 2002 tentia
838 1948 1109 2003 vocatur
1173 1948 1653 2003 sacramentum
1720 1939 2284 2020 reconciliationis,
2356 1940 2714 2020 baptismus
2784 1940 2960 2004 labo-

567 2042 803 2119 riosus,
855 2044 1140 2107 secunda
1189 2052 1339 2124 post
1391 2042 1815 2125 naufrayium
1868 2045 2103 2108 tabula.
2202 2042 2340 2107 “Ut
2394 2043 2567 2107 enim
2620 2043 2959 2107 confracta

568 2145 909 2208 nave—ait
953 2145 1212 2209 Catech.
1257 2145 1736 2209 Rom—unum
1778 2146 1951 2209 vitae
1992 2146 2349 2210 servandae
2390 2145 2769 2227 perfugium
2812 2145 2958 2208 reli-

568 2269 768 2328 quum
805 2258 922 2323 est,
960 2249 1013 2313 si
1055 2250 1227 2313 forte
1263 2251 1548 2314 tabulam
1585 2250 1869 2331 aliquam
1906 2250 1988 2313 de
2024 2249 2375 2331 naufragio
2412 2249 2599 2313 liceat
2636 2249 2960 2331 arripere;

570 2352 679 2428 ita,
721 2362 870 2434 post
911 2354 1216 2417 amissam
1263 2353 1580 2436 Baptismi
1625 2353 2080 2427 innocentiam,
2124 2353 2249 2418 nisi
2296 2352 2441 2435 quis
2483 2353 2568 2417 ad
2616 2352 2962 2417 Poeniten-

569 2456 697 2519 tiae
735 2456 1020 2520 tabulam
1061 2457 1418 2539 confugiat,
1459 2458 1598 2521 sine
1637 2457 1836 2522 dubio
1875 2458 1955 2521 de
1996 2457 2197 2538 hujus
2239 2457 2443 2521 salute
2484 2457 2959 2539 desperandum

569 2561 789 2624 est'’'‘².

656 2664 951 2747 Denique
993 2664 1060 2728 in
1104 2664 1477 2730 definitione
1521 2665 1953 2747 poenitentiae
1998 2664 2383 2729 sacramenti
2429 2664 2760 2729 adduntur
2802 2664 2963 2727 haec

570 2768 800 2833 verba:
848 2768 1060 2850 qratia
1100 2790 1341 2833 sanans
1383 2768 1776 2851 infunditur.
1867 2769 2014 2833 Hac
2059 2768 2390 2833 additione
2436 2768 2706 2832 indicari
2753 2768 2965 2831 inten-

572 2872 748 2936 ditur
789 2873 1270 2937 sacramentalis
1311 2874 1520 2954 gratia
1561 2873 1762 2954 hujus
1804 2873 2208 2937 sacramenti.
2298 2871 2367 2937 Si
2411 2872 2583 2936 enim
2625 2872 2692 2935 in
2735 2870 2961 2935 defini-

568 2977 746 3040 tione
787 2976 1063 3040 aliorum
1106 2987 1657 3041 sacramentorum
1700 2977 2024 3041 indicatur
2065 2976 2275 3057 gratia
2320 2975 2803 3041 sacramentalis
2846 2994 2963 3041 seu

573 3077 886 3159 specialis,
936 3099 1135 3158 quare
1185 3100 1316 3143 non
1367 3079 1636 3143 indicari
1687 3079 1876 3143 debet
1929 3078 1996 3142 in
2046 3078 2419 3142 definitione
2473 3077 2916 3143 Poenitentiae
2933 3077 2965 3140 ?

571 3181 770 3262 Quod
810 3192 1027 3245 autern
1068 3182 1277 3263 gratia
1316 3204 1555 3248 sanans
1598 3183 1681 3246 sit
1722 3183 1932 3263 gratia
1975 3180 2269 3264 specialis
2311 3181 2511 3264 hujus
2555 3181 2963 3255 sacramenti,

571 3286 864 3349 innuitur
900 3287 967 3348 in
1001 3288 1193 3351 Decr.
1225 3287 1312 3349 ad
1346 3287 1693 3363 Armenes,
1729 3286 1905 3369 quod
1940 3286 2032 3350 sic
2068 3307 2136 3350 se
2172 3286 2397 3349 habet:
2477 3285 2718 3368 “Quod
2754 3285 2806 3347 si
2843 3304 2965 3367 per

570 3399 905 3471 peccatum
973 3391 1444 3471 aegritudinem
1513 3390 1904 3454 incurrimus
1970 3390 2245 3465 animae,
2313 3408 2431 3472 per
2496 3388 2963 3470 poenitentiam

573 3492 994 3574 spiritualiter
1037 3493 1459 3558 sanamur”⁷⁸.

660 3594 789 3660 Sed
825 3596 1058 3676 aliquis
1095 3596 1298 3659 dicet:
1338 3617 1538 3677 quare
1576 3618 1706 3661 non
1744 3596 2007 3660 additur
2044 3595 2253 3677 gratia
2291 3595 2718 3660 sanctificans.

658 3698 850 3780 Resp.
910 3698 982 3779 1)
1045 3698 1222 3781 Quia
1272 3699 1431 3765 haec
1481 3721 1614 3765 non
1666 3700 1990 3765 indicatur
2041 3700 2109 3763 in
2160 3699 2392 3764 ceteris
2447 3698 2867 3764 sacramentis
2920 3718 2967 3761 a

570 3802 1071 3884 theologis—2)
1132 3803 1308 3886 Quia
1358 3804 1568 3885 gratia
1615 3803 2025 3869 sanctificans
2075 3824 2208 3867 non
2258 3814 2356 3868 est
2406 3804 2617 3884 gratia
2664 3801 2968 3884 specialis

574 3906 1054 3983 Poenitentiae;
1094 3918 1194 3971 est
1237 3908 1409 3971 enim
1451 3910 1813 3973 communis
1858 3908 2160 3973 omnibus
2203 3908 2644 3982 sacramentis,
2688 3906 2963 3987 ideoque

572 4009 974 4075 subauditur.
1081 4011 1236 4076 Non
1294 4021 1513 4076 tamen
1575 4033 1679 4077 res
1738 4013 1831 4077 sic
1893 4033 1962 4078 se
2023 4012 2215 4076 habet
2277 4011 2477 4076 relate
2538 4011 2623 4074 ad
2684 4009 2969 4092 gratiam

573 4114 933 4195 specialem.

655 4283 711 4323 ⁷²
731 4285 794 4340 P.
838 4285 912 4351 11,
955 4303 1072 4351 cap.
1115 4288 1162 4351 5,
1202 4304 1255 4341 n.
1302 4288 1346 4341 1.

653 4368 710 4409 '¹⁸
729 4370 1088 4436 Denz.-Ban.,
1133 4391 1185 4427 n.
1228 4372 1341 4427 695.
