<?xml version="1.0" encoding="UTF-8"?>
<!DOCTYPE html PUBLIC "-//W3C//DTD XHTML 1.0 Transitional//EN"
    "http://www.w3.org/TR/xhtml1/DTD/xhtml1-transitional.dtd">
<html xmlns="http://www.w3.org/1999/xhtml" xml:lang="en" lang="en">
 <head>
  <title>
</title>
<meta http-equiv="Content-Type" content="text/html;charset=utf-8" />
  <meta name='ocr-system' content='tesseract 3.04.00' />
  <meta name='ocr-capabilities' content='ocr_page ocr_carea ocr_par ocr_line ocrx_word'/>
</head>
<body>
  <div class='ocr_page' id='page_1' title='image "./declaviumpotest00villgoog_0041.png"; bbox 0 0 3509 5267; ppageno 0'>
   <div class='ocr_carea' id='block_1_1' title="bbox 901 520 2999 602">
    <p class='ocr_par' dir='ltr' id='par_1_1' title="bbox 901 520 2999 602">
     <span class='ocr_line' id='line_1_1' title="bbox 901 520 2999 602; baseline 0.001 -17"><span class='ocrx_word' id='word_1_1' title='bbox 901 520 1005 585; x_wconf 78' lang='lat' dir='ltr'><strong>De</strong></span> <span class='ocrx_word' id='word_1_2' title='bbox 1042 520 1098 585; x_wconf 85' lang='lat' dir='ltr'>C</span> <span class='ocrx_word' id='word_1_3' title='bbox 1097 520 1340 584; x_wconf 70' lang='lat' dir='ltr'><strong>lcwium</strong></span> <span class='ocrx_word' id='word_1_4' title='bbox 1372 520 1728 585; x_wconf 65' lang='lat' dir='ltr'><strong>Potes-tatis</strong></span> <span class='ocrx_word' id='word_1_5' title='bbox 1763 520 2135 585; x_wconf 73' lang='lat' dir='ltr'><strong>Existentia</strong></span> <span class='ocrx_word' id='word_1_6' title='bbox 2167 520 2385 602; x_wconf 77' lang='lat' dir='ltr'><strong>Atque</strong></span> <span class='ocrx_word' id='word_1_7' title='bbox 2420 521 2491 584; x_wconf 94' lang='lat' dir='ltr'><em>N</em></span> <span class='ocrx_word' id='word_1_8' title='bbox 2493 530 2697 585; x_wconf 74' lang='lat' dir='ltr'><strong>atara.</strong></span> <span class='ocrx_word' id='word_1_9' title='bbox 2912 524 2999 587; x_wconf 80' lang='lat'><strong>27</strong></span> 
     </span>
    </p>
   </div>
   <div class='ocr_carea' id='block_1_2' title="bbox 607 703 2999 1099">
    <p class='ocr_par' dir='ltr' id='par_1_2' title="bbox 607 703 2999 1099">
     <span class='ocr_line' id='line_1_2' title="bbox 608 703 2998 787; baseline 0 -20"><span class='ocrx_word' id='word_1_10' title='bbox 608 703 689 767; x_wconf 91' lang='lat' dir='ltr'><strong>de</strong></span> <span class='ocrx_word' id='word_1_11' title='bbox 732 703 1100 785; x_wconf 83' lang='lat' dir='ltr'><strong>praeteritis</strong></span> <span class='ocrx_word' id='word_1_12' title='bbox 1143 704 1425 787; x_wconf 85' lang='lat' dir='ltr'><strong>peccatis</strong></span> <span class='ocrx_word' id='word_1_13' title='bbox 1468 703 1664 768; x_wconf 84' lang='lat' dir='ltr'><strong>etiam</strong></span> <span class='ocrx_word' id='word_1_14' title='bbox 1710 703 2018 780; x_wconf 82' lang='lat' dir='ltr'><strong>includit3</strong></span> <span class='ocrx_word' id='word_1_15' title='bbox 2062 704 2337 786; x_wconf 87' lang='lat' dir='ltr'><strong>ideoque</strong></span> <span class='ocrx_word' id='word_1_16' title='bbox 2381 725 2514 769; x_wconf 86' lang='lat' dir='ltr'><strong>non</strong></span> <span class='ocrx_word' id='word_1_17' title='bbox 2559 704 2753 770; x_wconf 90' lang='lat' dir='ltr'><strong>nimis</strong></span> <span class='ocrx_word' id='word_1_18' title='bbox 2800 704 2998 769; x_wconf 87' lang='lat' dir='ltr'><strong>siten-</strong></span> 
     </span>
     <span class='ocr_line' id='line_1_3' title="bbox 608 806 2997 889; baseline 0.001 -19"><span class='ocrx_word' id='word_1_19' title='bbox 608 806 766 871; x_wconf 88' lang='lat' dir='ltr'><strong>dum</strong></span> <span class='ocrx_word' id='word_1_20' title='bbox 798 817 897 871; x_wconf 88' lang='lat' dir='ltr'><strong>est</strong></span> <span class='ocrx_word' id='word_1_21' title='bbox 928 807 997 870; x_wconf 90' lang='lat' dir='ltr'><strong>in</strong></span> <span class='ocrx_word' id='word_1_22' title='bbox 1029 806 1172 889; x_wconf 88' lang='lat' dir='ltr'><strong>ipsa</strong></span> <span class='ocrx_word' id='word_1_23' title='bbox 1201 807 1382 871; x_wconf 90' lang='lat' dir='ltr'><strong>verbi</strong></span> <span class='ocrx_word' id='word_1_24' title='bbox 1416 808 1857 873; x_wconf 84' lang='lat' dir='ltr'><strong>translatione.</strong></span> <span class='ocrx_word' id='word_1_25' title='bbox 1938 806 2131 872; x_wconf 87' lang='lat' dir='ltr'><strong>Hanc</strong></span> <span class='ocrx_word' id='word_1_26' title='bbox 2163 828 2306 873; x_wconf 90' lang='lat' dir='ltr'><strong>esse</strong></span> <span class='ocrx_word' id='word_1_27' title='bbox 2340 819 2623 873; x_wconf 87' lang='lat' dir='ltr'><strong>mentem</strong></span> <span class='ocrx_word' id='word_1_28' title='bbox 2657 818 2997 873; x_wconf 85' lang='lat' dir='ltr'><strong>auctorum</strong></span> 
     </span>
     <span class='ocr_line' id='line_1_4' title="bbox 607 910 2999 995; baseline 0.001 -20"><span class='ocrx_word' id='word_1_29' title='bbox 607 910 881 975; x_wconf 83' lang='lat' dir='ltr'>candide</span> <span class='ocrx_word' id='word_1_30' title='bbox 932 910 1092 975; x_wconf 82' lang='lat' dir='ltr'><strong>fassi</strong></span> <span class='ocrx_word' id='word_1_31' title='bbox 1141 921 1292 975; x_wconf 88' lang='lat' dir='ltr'><strong>sunt</strong></span> <span class='ocrx_word' id='word_1_32' title='bbox 1338 912 1441 976; x_wconf 91' lang='lat' dir='ltr'><strong>vel</strong></span> <span class='ocrx_word' id='word_1_33' title='bbox 1488 910 1608 995; x_wconf 90' lang='lat' dir='ltr'><strong>ipsi</strong></span> <span class='ocrx_word' id='word_1_34' title='bbox 1656 910 1951 975; x_wconf 89' lang='lat' dir='ltr'><strong>moderni</strong></span> <span class='ocrx_word' id='word_1_35' title='bbox 2000 911 2445 977; x_wconf 84' lang='lat' dir='ltr'><strong>Protestantes</strong></span> <span class='ocrx_word' id='word_1_36' title='bbox 2495 912 2562 991; x_wconf 89' lang='lat' dir='ltr'><strong>in</strong></span> <span class='ocrx_word' id='word_1_37' title='bbox 2610 912 2870 977; x_wconf 85' lang='lat' dir='ltr'><strong>Lexicis</strong></span> <span class='ocrx_word' id='word_1_38' title='bbox 2915 913 2999 977; x_wconf 84' lang='lat' dir='ltr'><strong>ab</strong></span> 
     </span>
     <span class='ocr_line' id='line_1_5' title="bbox 609 1013 2709 1099; baseline 0.001 -22"><span class='ocrx_word' id='word_1_39' title='bbox 609 1013 768 1096; x_wconf 88' lang='lat' dir='ltr'><strong>ipsis</strong></span> <span class='ocrx_word' id='word_1_40' title='bbox 807 1014 1016 1079; x_wconf 86' lang='lat' dir='ltr'><strong>editis.</strong></span> <span class='ocrx_word' id='word_1_41' title='bbox 1101 1014 1268 1090; x_wconf 71' lang='lat' dir='ltr'><strong>cfr„</strong></span> <span class='ocrx_word' id='word_1_42' title='bbox 1307 1037 1367 1079; x_wconf 86' lang='lat' dir='ltr'><strong>v.</strong></span> <span class='ocrx_word' id='word_1_43' title='bbox 1406 1036 1491 1097; x_wconf 67' lang='lat' dir='ltr'><strong>g„</strong></span> <span class='ocrx_word' id='word_1_44' title='bbox 1531 1014 1945 1092; x_wconf 78' lang='lat' dir='ltr'><strong>Schleusner,</strong></span> <span class='ocrx_word' id='word_1_45' title='bbox 1984 1014 2341 1091; x_wconf 80' lang='lat' dir='ltr'><em>Robinson,</em></span> <span class='ocrx_word' id='word_1_46' title='bbox 2387 1015 2709 1099; x_wconf 70' lang='lat' dir='ltr'><strong>Thuyner.</strong></span> 
     </span>
    </p>
   </div>
   <div class='ocr_carea' id='block_1_3' title="bbox 1446 1232 2157 1298">
    <p class='ocr_par' dir='ltr' id='par_1_3' title="bbox 1446 1232 2157 1298">
     <span class='ocr_line' id='line_1_6' title="bbox 1446 1232 2157 1298; baseline 0.001 -2"><span class='ocrx_word' id='word_1_47' title='bbox 1446 1232 1978 1298; x_wconf 88' lang='lat' dir='ltr'><strong>ARTICULUS</strong></span> <span class='ocrx_word' id='word_1_48' title='bbox 2068 1233 2157 1297; x_wconf 91' lang='grc' dir='ltr'><strong>ΙΙ.</strong></span> 
     </span>
    </p>
   </div>
   <div class='ocr_carea' id='block_1_4' title="bbox 1267 1371 2354 1430">
    <p class='ocr_par' dir='ltr' id='par_1_4' title="bbox 1267 1371 2354 1430">
     <span class='ocr_line' id='line_1_7' title="bbox 1267 1371 2354 1430; baseline 0.002 -3"><span class='ocrx_word' id='word_1_49' title='bbox 1267 1371 1363 1428; x_wconf 84' lang='lat' dir='ltr'><strong>De</strong></span> <span class='ocrx_word' id='word_1_50' title='bbox 1409 1372 1796 1428; x_wconf 71' lang='lat' dir='ltr'><strong>Paenitentia</strong></span> <span class='ocrx_word' id='word_1_51' title='bbox 1839 1378 1910 1429; x_wconf 78' lang='lat' dir='ltr'><strong>ut</strong></span> <span class='ocrx_word' id='word_1_52' title='bbox 1954 1379 2354 1430; x_wconf 61' lang='lat' dir='ltr'><strong>numento.</strong></span> 
     </span>
    </p>
   </div>
   <div class='ocr_carea' id='block_1_5' title="bbox 733 1523 2878 1607">
    <p class='ocr_par' dir='ltr' id='par_1_5' title="bbox 733 1523 2878 1607">
     <span class='ocr_line' id='line_1_8' title="bbox 733 1523 2878 1607; baseline 0.001 -20"><span class='ocrx_word' id='word_1_53' title='bbox 733 1528 788 1591; x_wconf 84' lang='lat'><strong>1.</strong></span> <span class='ocrx_word' id='word_1_54' title='bbox 874 1523 1314 1589; x_wconf 56' lang='lat' dir='ltr'><strong>[institutionis</strong></span> <span class='ocrx_word' id='word_1_55' title='bbox 1346 1524 1700 1588; x_wconf 81' lang='lat' dir='ltr'><strong>saramenti</strong></span> <span class='ocrx_word' id='word_1_56' title='bbox 1733 1523 2169 1605; x_wconf 77' lang='lat' dir='ltr'><strong>poenitentiae</strong></span> <span class='ocrx_word' id='word_1_57' title='bbox 2207 1544 2438 1589; x_wconf 80' lang='lat' dir='ltr'><strong>causae</strong></span> <span class='ocrx_word' id='word_1_58' title='bbox 2473 1524 2878 1607; x_wconf 74' lang='lat' dir='ltr'><strong><em>praecipuae.</em></strong></span> 
     </span>
    </p>
   </div>
   <div class='ocr_carea' id='block_1_6' title="bbox 612 1644 3003 2039">
    <p class='ocr_par' dir='ltr' id='par_1_6' title="bbox 612 1644 3003 2039">
     <span class='ocr_line' id='line_1_9' title="bbox 698 1644 3003 1728; baseline 0 -18"><span class='ocrx_word' id='word_1_59' title='bbox 698 1645 1052 1728; x_wconf 86' lang='lat' dir='ltr'><strong>Postquam</strong></span> <span class='ocrx_word' id='word_1_60' title='bbox 1091 1644 1374 1709; x_wconf 83' lang='lat' dir='ltr'><strong>breviter</strong></span> <span class='ocrx_word' id='word_1_61' title='bbox 1413 1645 1762 1726; x_wconf 84' lang='lat' dir='ltr'><strong>explanata</strong></span> <span class='ocrx_word' id='word_1_62' title='bbox 1805 1644 1934 1709; x_wconf 82' lang='lat' dir='ltr'><strong>fuit</strong></span> <span class='ocrx_word' id='word_1_63' title='bbox 1974 1644 2391 1728; x_wconf 88' lang='lat' dir='ltr'><strong>poenitentia,</strong></span> <span class='ocrx_word' id='word_1_64' title='bbox 2432 1654 2751 1728; x_wconf 85' lang='lat' dir='ltr'><strong>quatenus</strong></span> <span class='ocrx_word' id='word_1_65' title='bbox 2791 1645 3003 1710; x_wconf 86' lang='lat' dir='ltr'><strong>virtus</strong></span> 
     </span>
     <span class='ocr_line' id='line_1_10' title="bbox 612 1748 3002 1831; baseline -0 -18"><span class='ocrx_word' id='word_1_66' title='bbox 612 1759 730 1826; x_wconf 91' lang='lat' dir='ltr'><strong>est,</strong></span> <span class='ocrx_word' id='word_1_67' title='bbox 765 1751 850 1814; x_wconf 84' lang='lat' dir='ltr'><strong>ad</strong></span> <span class='ocrx_word' id='word_1_68' title='bbox 887 1750 1429 1830; x_wconf 86' lang='lat' dir='ltr'><strong>complementum</strong></span> <span class='ocrx_word' id='word_1_69' title='bbox 1465 1748 1997 1830; x_wconf 68' lang='lat' dir='ltr'><strong>praenotionum,</strong></span> <span class='ocrx_word' id='word_1_70' title='bbox 2023 1748 2494 1831; x_wconf 86' lang='lat' dir='ltr'><strong>aliquantulum</strong></span> <span class='ocrx_word' id='word_1_71' title='bbox 2532 1749 3002 1813; x_wconf 83' lang='lat' dir='ltr'><strong>consideranda</strong></span> 
     </span>
     <span class='ocr_line' id='line_1_11' title="bbox 612 1852 3002 1936; baseline -0.001 -19"><span class='ocrx_word' id='word_1_72' title='bbox 612 1862 710 1917; x_wconf 89' lang='lat' dir='ltr'><strong>est</strong></span> <span class='ocrx_word' id='word_1_73' title='bbox 769 1852 1184 1935; x_wconf 86' lang='lat' dir='ltr'><strong>poenitentia,</strong></span> <span class='ocrx_word' id='word_1_74' title='bbox 1243 1862 1440 1936; x_wconf 86' lang='lat' dir='ltr'><strong>prout</strong></span> <span class='ocrx_word' id='word_1_75' title='bbox 1497 1861 1598 1917; x_wconf 90' lang='lat' dir='ltr'><strong>est</strong></span> <span class='ocrx_word' id='word_1_76' title='bbox 1658 1862 2133 1917; x_wconf 85' lang='lat' dir='ltr'><strong>sacramentum</strong></span> <span class='ocrx_word' id='word_1_77' title='bbox 2197 1852 2426 1916; x_wconf 86' lang='lat' dir='ltr'><strong>Novae</strong></span> <span class='ocrx_word' id='word_1_78' title='bbox 2489 1852 2700 1935; x_wconf 75' lang='lat' dir='ltr'><strong>Legis</strong></span> <span class='ocrx_word' id='word_1_79' title='bbox 2786 1852 2873 1915; x_wconf 92' lang='lat' dir='ltr'><strong>Et</strong></span> <span class='ocrx_word' id='word_1_80' title='bbox 2934 1852 3002 1915; x_wconf 91' lang='lat' dir='ltr'><strong>in</strong></span> 
     </span>
     <span class='ocr_line' id='line_1_12' title="bbox 612 1955 1843 2039; baseline 0.002 -20"><span class='ocrx_word' id='word_1_81' title='bbox 612 1956 839 2039; x_wconf 90' lang='lat' dir='ltr'><strong>primis</strong></span> <span class='ocrx_word' id='word_1_82' title='bbox 877 1955 1121 2037; x_wconf 88' lang='lat' dir='ltr'><strong>aliquid</strong></span> <span class='ocrx_word' id='word_1_83' title='bbox 1160 1956 1242 2021; x_wconf 90' lang='lat' dir='ltr'><strong>de</strong></span> <span class='ocrx_word' id='word_1_84' title='bbox 1278 1955 1493 2021; x_wconf 85' lang='lat' dir='ltr'><strong>causis</strong></span> <span class='ocrx_word' id='word_1_85' title='bbox 1531 1956 1843 2021; x_wconf 85' lang='lat' dir='ltr'><strong>dicamus.</strong></span> 
     </span>
    </p>
   </div>
   <div class='ocr_carea' id='block_1_7' title="bbox 613 2067 3086 4733">
    <p class='ocr_par' dir='ltr' id='par_1_7' title="bbox 613 2067 3086 4733">
     <span class='ocr_line' id='line_1_13' title="bbox 699 2067 3003 2148; baseline -0 -16"><span class='ocrx_word' id='word_1_86' title='bbox 699 2068 940 2133; x_wconf 86' lang='lat' dir='ltr'><strong>Divina</strong></span> <span class='ocrx_word' id='word_1_87' title='bbox 991 2068 1436 2133; x_wconf 84' lang='lat' dir='ltr'><strong>misericordia</strong></span> <span class='ocrx_word' id='word_1_88' title='bbox 1487 2067 1674 2132; x_wconf 89' lang='lat' dir='ltr'><strong>nobis</strong></span> <span class='ocrx_word' id='word_1_89' title='bbox 1728 2067 2001 2133; x_wconf 85' lang='lat' dir='ltr'><strong>contulit</strong></span> <span class='ocrx_word' id='word_1_90' title='bbox 2054 2068 2177 2132; x_wconf 91' lang='lat' dir='ltr'><strong>hoc</strong></span> <span class='ocrx_word' id='word_1_91' title='bbox 2229 2078 2725 2144; x_wconf 83' lang='lat' dir='ltr'><strong>sacramentum,</strong></span> <span class='ocrx_word' id='word_1_92' title='bbox 2780 2067 2856 2148; x_wconf 85' lang='lat' dir='ltr'><strong>a)</strong></span> <span class='ocrx_word' id='word_1_93' title='bbox 2918 2068 3003 2131; x_wconf 84' lang='lat' dir='ltr'><strong>ad</strong></span> 
     </span>
     <span class='ocr_line' id='line_1_14' title="bbox 613 2169 3003 2252; baseline -0.001 -17"><span class='ocrx_word' id='word_1_94' title='bbox 613 2172 854 2236; x_wconf 86' lang='lat' dir='ltr'><strong>nostris</strong></span> <span class='ocrx_word' id='word_1_95' title='bbox 890 2171 1282 2235; x_wconf 91' lang='lat' dir='ltr'><strong>medendum</strong></span> <span class='ocrx_word' id='word_1_96' title='bbox 1319 2170 1802 2235; x_wconf 86' lang='lat' dir='ltr'><strong>infirmitatibus</strong></span> <span class='ocrx_word' id='word_1_97' title='bbox 1840 2171 2302 2252; x_wconf 56' lang='lat' dir='ltr'><strong>spiritualibus</strong></span> <span class='ocrx_word' id='word_1_98' title='bbox 2337 2171 2415 2251; x_wconf 91' lang='lat' dir='ltr'><strong>b)</strong></span> <span class='ocrx_word' id='word_1_99' title='bbox 2461 2182 2534 2235; x_wconf 89' lang='lat' dir='ltr'><strong>ut</strong></span> <span class='ocrx_word' id='word_1_100' title='bbox 2570 2171 2786 2236; x_wconf 88' lang='lat' dir='ltr'><strong>minus</strong></span> <span class='ocrx_word' id='word_1_101' title='bbox 2822 2169 3003 2235; x_wconf 85' lang='lat' dir='ltr'><strong>anxii</strong></span> 
     </span>
     <span class='ocr_line' id='line_1_15' title="bbox 613 2272 3005 2356; baseline 0 -19"><span class='ocrx_word' id='word_1_102' title='bbox 613 2284 807 2355; x_wconf 88' lang='lat' dir='ltr'><strong>atque</strong></span> <span class='ocrx_word' id='word_1_103' title='bbox 856 2274 1250 2355; x_wconf 84' lang='lat' dir='ltr'><strong>peccatiores</strong></span> <span class='ocrx_word' id='word_1_104' title='bbox 1301 2275 1382 2338; x_wconf 81' lang='lat' dir='ltr'><strong>de</strong></span> <span class='ocrx_word' id='word_1_105' title='bbox 1430 2283 1843 2356; x_wconf 86' lang='lat' dir='ltr'><strong>peccatorum</strong></span> <span class='ocrx_word' id='word_1_106' title='bbox 1895 2273 2273 2338; x_wconf 81' lang='lat' dir='ltr'><strong>remissione</strong></span> <span class='ocrx_word' id='word_1_107' title='bbox 2323 2294 2633 2349; x_wconf 86' lang='lat' dir='ltr'><strong>essemus,</strong></span> <span class='ocrx_word' id='word_1_108' title='bbox 2683 2284 2747 2337; x_wconf 89' lang='lat' dir='ltr'><strong>et</strong></span> <span class='ocrx_word' id='word_1_109' title='bbox 2797 2272 2870 2353; x_wconf 85' lang='lat' dir='ltr'><strong>c)</strong></span> <span class='ocrx_word' id='word_1_110' title='bbox 2929 2282 3005 2337; x_wconf 89' lang='lat' dir='ltr'><strong>ut</strong></span> 
     </span>
     <span class='ocr_line' id='line_1_16' title="bbox 616 2376 3004 2458; baseline 0 -19"><span class='ocrx_word' id='word_1_111' title='bbox 616 2377 1153 2442; x_wconf 85' lang='lat' dir='ltr'><strong>reconciliationis</strong></span> <span class='ocrx_word' id='word_1_112' title='bbox 1198 2387 1461 2441; x_wconf 85' lang='lat' dir='ltr'><strong>nostrae</strong></span> <span class='ocrx_word' id='word_1_113' title='bbox 1505 2398 1653 2441; x_wconf 89' lang='lat' dir='ltr'><strong>cum</strong></span> <span class='ocrx_word' id='word_1_114' title='bbox 1705 2377 1848 2441; x_wconf 90' lang='lat' dir='ltr'><strong>Deo</strong></span> <span class='ocrx_word' id='word_1_115' title='bbox 1894 2376 2276 2441; x_wconf 87' lang='lat' dir='ltr'><strong>beneficium</strong></span> <span class='ocrx_word' id='word_1_116' title='bbox 2325 2377 2588 2442; x_wconf 88' lang='lat' dir='ltr'><strong>Christo</strong></span> <span class='ocrx_word' id='word_1_117' title='bbox 2632 2377 2812 2458; x_wconf 73' lang='lat' dir='ltr'><strong>jesu,</strong></span> <span class='ocrx_word' id='word_1_118' title='bbox 2862 2376 3004 2441; x_wconf 82' lang='lat' dir='ltr'><strong>Sal-</strong></span> 
     </span>
     <span class='ocr_line' id='line_1_17' title="bbox 613 2480 3005 2563; baseline -0.001 -18"><span class='ocrx_word' id='word_1_119' title='bbox 613 2481 823 2545; x_wconf 83' lang='lat' dir='ltr'><strong>vatori</strong></span> <span class='ocrx_word' id='word_1_120' title='bbox 878 2490 943 2545; x_wconf 91' lang='lat' dir='ltr'><strong>et</strong></span> <span class='ocrx_word' id='word_1_121' title='bbox 996 2480 1297 2545; x_wconf 89' lang='lat' dir='ltr'><strong>Pontifici</strong></span> <span class='ocrx_word' id='word_1_122' title='bbox 1354 2491 1581 2545; x_wconf 89' lang='lat' dir='ltr'><strong>nostro</strong></span> <span class='ocrx_word' id='word_1_123' title='bbox 1635 2481 2052 2544; x_wconf 68' lang='lat' dir='ltr'><strong>referremus</strong></span> <span class='ocrx_word' id='word_1_124' title='bbox 2152 2480 2274 2544; x_wconf 88' lang='lat' dir='ltr'><strong>“In</strong></span> <span class='ocrx_word' id='word_1_125' title='bbox 2328 2481 2556 2563; x_wconf 89' lang='lat' dir='ltr'><strong>primis</strong></span> <span class='ocrx_word' id='word_1_126' title='bbox 2610 2480 3005 2544; x_wconf 84' lang='lat' dir='ltr'><strong>autem—ait</strong></span> 
     </span>
     <span class='ocr_line' id='line_1_18' title="bbox 618 2583 3004 2667; baseline -0.001 -18"><span class='ocrx_word' id='word_1_127' title='bbox 618 2584 877 2649; x_wconf 83' lang='lat' dir='ltr'><strong>Catech.</strong></span> <span class='ocrx_word' id='word_1_128' title='bbox 919 2584 1128 2659; x_wconf 71' lang='lat' dir='ltr'><strong>Rom„</strong></span> <span class='ocrx_word' id='word_1_129' title='bbox 1165 2586 1244 2650; x_wconf 88' lang='lat' dir='ltr'><strong>P.</strong></span> <span class='ocrx_word' id='word_1_130' title='bbox 1284 2584 1378 2661; x_wconf 89' lang='lat' dir='ltr'><strong>II,</strong></span> <span class='ocrx_word' id='word_1_131' title='bbox 1418 2594 1554 2664; x_wconf 83' lang='lat' dir='ltr'><strong>cap.</strong></span> <span class='ocrx_word' id='word_1_132' title='bbox 1595 2600 1657 2665; x_wconf 83' lang='lat'><strong>5,</strong></span> <span class='ocrx_word' id='word_1_133' title='bbox 1697 2607 1758 2649; x_wconf 86' lang='lat' dir='ltr'><strong>n.</strong></span> <span class='ocrx_word' id='word_1_134' title='bbox 1803 2585 2449 2667; x_wconf 79' lang='lat' dir='ltr'><strong>Io—explanandum</strong></span> <span class='ocrx_word' id='word_1_135' title='bbox 2489 2584 2785 2649; x_wconf 84' lang='lat' dir='ltr'><strong>fidelibus</strong></span> <span class='ocrx_word' id='word_1_136' title='bbox 2826 2583 3004 2649; x_wconf 90' lang='lat' dir='ltr'><strong>vide-</strong></span> 
     </span>
     <span class='ocr_line' id='line_1_19' title="bbox 615 2687 3005 2771; baseline -0 -19"><span class='ocrx_word' id='word_1_137' title='bbox 615 2698 743 2764; x_wconf 92' lang='lat' dir='ltr'><strong>tur,</strong></span> <span class='ocrx_word' id='word_1_138' title='bbox 771 2709 971 2770; x_wconf 86' lang='lat' dir='ltr'><strong>quare</strong></span> <span class='ocrx_word' id='word_1_139' title='bbox 1003 2688 1249 2753; x_wconf 81' lang='lat' dir='ltr'><strong>factum</strong></span> <span class='ocrx_word' id='word_1_140' title='bbox 1278 2688 1382 2763; x_wconf 91' lang='lat' dir='ltr'><strong>sit,</strong></span> <span class='ocrx_word' id='word_1_141' title='bbox 1408 2699 1481 2752; x_wconf 91' lang='lat' dir='ltr'><strong>ut</strong></span> <span class='ocrx_word' id='word_1_142' title='bbox 1511 2688 1811 2753; x_wconf 89' lang='lat' dir='ltr'><strong>Christus</strong></span> <span class='ocrx_word' id='word_1_143' title='bbox 1842 2688 2163 2753; x_wconf 86' lang='lat' dir='ltr'><strong>Dominus</strong></span> <span class='ocrx_word' id='word_1_144' title='bbox 2192 2687 2654 2771; x_wconf 83' lang='lat' dir='ltr'><strong>poenitentiam</strong></span> <span class='ocrx_word' id='word_1_145' title='bbox 2685 2687 2751 2751; x_wconf 90' lang='lat' dir='ltr'><strong>in</strong></span> <span class='ocrx_word' id='word_1_146' title='bbox 2780 2706 3005 2751; x_wconf 89' lang='lat' dir='ltr'><strong>nume-</strong></span> 
     </span>
     <span class='ocr_line' id='line_1_20' title="bbox 618 2790 3005 2873; baseline -0.001 -17"><span class='ocrx_word' id='word_1_147' title='bbox 618 2813 761 2856; x_wconf 87' lang='lat' dir='ltr'><strong>rum</strong></span> <span class='ocrx_word' id='word_1_148' title='bbox 803 2803 1356 2856; x_wconf 83' lang='lat' dir='ltr'><strong>sacramentorum</strong></span> <span class='ocrx_word' id='word_1_149' title='bbox 1397 2792 1632 2856; x_wconf 85' lang='lat' dir='ltr'><strong>referri</strong></span> <span class='ocrx_word' id='word_1_150' title='bbox 1675 2792 1972 2856; x_wconf 85' lang='lat' dir='ltr'><strong>voluerit.</strong></span> <span class='ocrx_word' id='word_1_151' title='bbox 2057 2791 2285 2873; x_wconf 88' lang='lat' dir='ltr'><strong>Hujus</strong></span> <span class='ocrx_word' id='word_1_152' title='bbox 2325 2801 2543 2855; x_wconf 88' lang='lat' dir='ltr'><strong>autem</strong></span> <span class='ocrx_word' id='word_1_153' title='bbox 2584 2791 2675 2855; x_wconf 91' lang='lat' dir='ltr'><strong>rei</strong></span> <span class='ocrx_word' id='word_1_154' title='bbox 2718 2790 2827 2855; x_wconf 88' lang='lat' dir='ltr'><strong>illa</strong></span> <span class='ocrx_word' id='word_1_155' title='bbox 2866 2810 3005 2853; x_wconf 88' lang='lat' dir='ltr'><strong>om·</strong></span> 
     </span>
     <span class='ocr_line' id='line_1_21' title="bbox 617 2894 3007 2978; baseline -0.001 -18"><span class='ocrx_word' id='word_1_156' title='bbox 617 2896 774 2961; x_wconf 89' lang='lat' dir='ltr'><strong>nino</strong></span> <span class='ocrx_word' id='word_1_157' title='bbox 809 2916 1007 2960; x_wconf 83' lang='lat' dir='ltr'><strong>causa</strong></span> <span class='ocrx_word' id='word_1_158' title='bbox 1049 2896 1198 2971; x_wconf 81' lang='lat' dir='ltr'><strong>fuit,</strong></span> <span class='ocrx_word' id='word_1_159' title='bbox 1236 2905 1309 2960; x_wconf 88' lang='lat' dir='ltr'><strong>ut</strong></span> <span class='ocrx_word' id='word_1_160' title='bbox 1347 2896 1534 2960; x_wconf 91' lang='lat' dir='ltr'><strong>nobis</strong></span> <span class='ocrx_word' id='word_1_161' title='bbox 1574 2897 1654 2960; x_wconf 93' lang='lat' dir='ltr'><strong>de</strong></span> <span class='ocrx_word' id='word_1_162' title='bbox 1696 2895 2075 2959; x_wconf 88' lang='lat' dir='ltr'><strong>remissione</strong></span> <span class='ocrx_word' id='word_1_163' title='bbox 2115 2905 2546 2978; x_wconf 85' lang='lat' dir='ltr'><strong>peccatorum,</strong></span> <span class='ocrx_word' id='word_1_164' title='bbox 2587 2915 2783 2977; x_wconf 88' lang='lat' dir='ltr'><strong>quam</strong></span> <span class='ocrx_word' id='word_1_165' title='bbox 2826 2894 3007 2957; x_wconf 88' lang='lat' dir='ltr'><strong>Deus</strong></span> 
     </span>
     <span class='ocr_line' id='line_1_22' title="bbox 616 2997 3007 3082; baseline -0 -20"><span class='ocrx_word' id='word_1_166' title='bbox 616 2999 941 3081; x_wconf 86' lang='lat' dir='ltr'><strong>pollicitus</strong></span> <span class='ocrx_word' id='word_1_167' title='bbox 992 3009 1110 3075; x_wconf 89' lang='lat' dir='ltr'><strong>est,</strong></span> <span class='ocrx_word' id='word_1_168' title='bbox 1162 3020 1364 3081; x_wconf 89' lang='lat' dir='ltr'><strong>quum</strong></span> <span class='ocrx_word' id='word_1_169' title='bbox 1413 2999 1540 3063; x_wconf 85' lang='lat' dir='ltr'><strong>ait:</strong></span> <span class='ocrx_word' id='word_1_170' title='bbox 1638 2999 1732 3063; x_wconf 89' lang='lat' dir='ltr'><strong>‘Si</strong></span> <span class='ocrx_word' id='word_1_171' title='bbox 1790 2999 2027 3081; x_wconf 90' lang='lat' dir='ltr'><strong>impius</strong></span> <span class='ocrx_word' id='word_1_172' title='bbox 2079 3000 2284 3081; x_wconf 87' lang='lat' dir='ltr'><strong>egerit</strong></span> <span class='ocrx_word' id='word_1_173' title='bbox 2334 2997 2798 3082; x_wconf 84' lang='lat' dir='ltr'><strong>poenitentiam</strong></span> <span class='ocrx_word' id='word_1_174' title='bbox 2844 3046 2858 3061; x_wconf 94' lang='lat'><strong>.</strong></span> <span class='ocrx_word' id='word_1_175' title='bbox 2907 3047 2921 3061; x_wconf 95' lang='lat'><strong>.</strong></span> <span class='ocrx_word' id='word_1_176' title='bbox 2970 2997 3007 3061; x_wconf 91' lang='grc'><strong>.’</strong></span> 
     </span>
     <span class='ocr_line' id='line_1_23' title="bbox 615 3099 3006 3184; baseline -0.002 -18"><span class='ocrx_word' id='word_1_177' title='bbox 615 3103 832 3167; x_wconf 91' lang='lat' dir='ltr'><strong>minus</strong></span> <span class='ocrx_word' id='word_1_178' title='bbox 871 3102 1158 3167; x_wconf 89' lang='lat' dir='ltr'><strong>debitare</strong></span> <span class='ocrx_word' id='word_1_179' title='bbox 1196 3102 1434 3166; x_wconf 90' lang='lat' dir='ltr'><strong>liceret.</strong></span> <span class='ocrx_word' id='word_1_180' title='bbox 1520 3101 1955 3165; x_wconf 89' lang='lat' dir='ltr'><strong>Vehementer</strong></span> <span class='ocrx_word' id='word_1_181' title='bbox 1994 3102 2167 3164; x_wconf 91' lang='lat' dir='ltr'><strong>enim</strong></span> <span class='ocrx_word' id='word_1_182' title='bbox 2206 3102 2490 3184; x_wconf 89' lang='lat' dir='ltr'><strong>pendere</strong></span> <span class='ocrx_word' id='word_1_183' title='bbox 2526 3100 2746 3164; x_wconf 84' lang='lat' dir='ltr'><strong>animo</strong></span> <span class='ocrx_word' id='word_1_184' title='bbox 2786 3100 2868 3164; x_wconf 90' lang='lat' dir='ltr'><strong>de</strong></span> <span class='ocrx_word' id='word_1_185' title='bbox 2909 3099 3006 3161; x_wconf 90' lang='lat' dir='ltr'><strong>in-</strong></span> 
     </span>
     <span class='ocr_line' id='line_1_24' title="bbox 617 3202 3005 3288; baseline -0.001 -19"><span class='ocrx_word' id='word_1_186' title='bbox 617 3206 776 3270; x_wconf 85' lang='lat' dir='ltr'><strong>tima</strong></span> <span class='ocrx_word' id='word_1_187' title='bbox 818 3206 1214 3288; x_wconf 82' lang='lat' dir='ltr'><strong>poenitentia</strong></span> <span class='ocrx_word' id='word_1_188' title='bbox 1255 3225 1420 3287; x_wconf 90' lang='lat' dir='ltr'><strong>opus</strong></span> <span class='ocrx_word' id='word_1_189' title='bbox 1464 3215 1653 3280; x_wconf 89' lang='lat' dir='ltr'><strong>esset,</strong></span> <span class='ocrx_word' id='word_1_190' title='bbox 1697 3226 1897 3287; x_wconf 90' lang='lat' dir='ltr'><strong>quum</strong></span> <span class='ocrx_word' id='word_1_191' title='bbox 1942 3206 2023 3269; x_wconf 90' lang='lat' dir='ltr'><strong>de</strong></span> <span class='ocrx_word' id='word_1_192' title='bbox 2066 3226 2187 3270; x_wconf 88' lang='lat' dir='ltr'><strong>suo</strong></span> <span class='ocrx_word' id='word_1_193' title='bbox 2228 3204 2461 3287; x_wconf 89' lang='lat' dir='ltr'><strong>cuique</strong></span> <span class='ocrx_word' id='word_1_194' title='bbox 2502 3204 2749 3285; x_wconf 88' lang='lat' dir='ltr'><strong>judicio</strong></span> <span class='ocrx_word' id='word_1_195' title='bbox 2794 3203 2861 3266; x_wconf 89' lang='lat' dir='ltr'><strong>in</strong></span> <span class='ocrx_word' id='word_1_196' title='bbox 2906 3202 3005 3277; x_wconf 84' lang='lat' dir='ltr'><strong>iis,</strong></span> 
     </span>
     <span class='ocr_line' id='line_1_25' title="bbox 618 3306 3086 3392; baseline -0.002 -18"><span class='ocrx_word' id='word_1_197' title='bbox 618 3331 782 3392; x_wconf 88' lang='lat' dir='ltr'><strong>quae</strong></span> <span class='ocrx_word' id='word_1_198' title='bbox 819 3310 973 3392; x_wconf 84' lang='lat' dir='ltr'><strong>agit,</strong></span> <span class='ocrx_word' id='word_1_199' title='bbox 1010 3310 1243 3374; x_wconf 89' lang='lat' dir='ltr'><strong>merito</strong></span> <span class='ocrx_word' id='word_1_200' title='bbox 1277 3310 1637 3373; x_wconf 88' lang='lat' dir='ltr'><strong>timendum</strong></span> <span class='ocrx_word' id='word_1_201' title='bbox 1675 3310 1777 3374; x_wconf 92' lang='lat' dir='ltr'><strong>sit.</strong></span> <span class='ocrx_word' id='word_1_202' title='bbox 1860 3309 1953 3374; x_wconf 93' lang='lat' dir='ltr'><strong>Ut</strong></span> <span class='ocrx_word' id='word_1_203' title='bbox 1990 3309 2189 3391; x_wconf 85' lang='lat' dir='ltr'><strong>igitur</strong></span> <span class='ocrx_word' id='word_1_204' title='bbox 2226 3309 2547 3373; x_wconf 85' lang='lat' dir='ltr'><strong>Dominus</strong></span> <span class='ocrx_word' id='word_1_205' title='bbox 2584 3308 2735 3371; x_wconf 90' lang='lat' dir='ltr'><strong>huic</strong></span> <span class='ocrx_word' id='word_1_206' title='bbox 2774 3306 3007 3372; x_wconf 83' lang='lat' dir='ltr'><strong>sollici·</strong></span> <span class='ocrx_word' id='word_1_207' title='bbox 3080 3328 3086 3333; x_wconf 93' lang='lat'>·</span> 
     </span>
     <span class='ocr_line' id='line_1_26' title="bbox 617 3411 3008 3496; baseline -0.002 -19"><span class='ocrx_word' id='word_1_208' title='bbox 617 3414 827 3477; x_wconf 84' lang='lat' dir='ltr'><strong>tudini</strong></span> <span class='ocrx_word' id='word_1_209' title='bbox 885 3413 1274 3487; x_wconf 86' lang='lat' dir='ltr'><strong>subveniret,</strong></span> <span class='ocrx_word' id='word_1_210' title='bbox 1329 3413 1765 3496; x_wconf 85' lang='lat' dir='ltr'><strong>poenitentiae</strong></span> <span class='ocrx_word' id='word_1_211' title='bbox 1821 3422 2296 3477; x_wconf 86' lang='lat' dir='ltr'><strong>sacramentum</strong></span> <span class='ocrx_word' id='word_1_212' title='bbox 2352 3411 2650 3485; x_wconf 86' lang='lat' dir='ltr'><strong>instituit,</strong></span> <span class='ocrx_word' id='word_1_213' title='bbox 2706 3432 2837 3492; x_wconf 89' lang='lat' dir='ltr'><strong>quo</strong></span> <span class='ocrx_word' id='word_1_214' title='bbox 2890 3430 3008 3493; x_wconf 89' lang='lat' dir='ltr'><strong>per</strong></span> 
     </span>
     <span class='ocr_line' id='line_1_27' title="bbox 619 3514 3009 3598; baseline -0.002 -16"><span class='ocrx_word' id='word_1_215' title='bbox 619 3516 974 3582; x_wconf 85' lang='lat' dir='ltr'><strong>sacerdotis</strong></span> <span class='ocrx_word' id='word_1_216' title='bbox 1013 3517 1484 3581; x_wconf 86' lang='lat' dir='ltr'><strong>absolutionem</strong></span> <span class='ocrx_word' id='word_1_217' title='bbox 1522 3528 1786 3598; x_wconf 81' lang='lat' dir='ltr'><strong>peccata</strong></span> <span class='ocrx_word' id='word_1_218' title='bbox 1827 3526 2051 3582; x_wconf 86' lang='lat' dir='ltr'><strong>nostra</strong></span> <span class='ocrx_word' id='word_1_219' title='bbox 2089 3517 2275 3581; x_wconf 90' lang='lat' dir='ltr'><strong>nobis</strong></span> <span class='ocrx_word' id='word_1_220' title='bbox 2318 3516 2586 3581; x_wconf 85' lang='lat' dir='ltr'><strong>remissa</strong></span> <span class='ocrx_word' id='word_1_221' title='bbox 2626 3535 2768 3580; x_wconf 89' lang='lat' dir='ltr'><strong>esse</strong></span> <span class='ocrx_word' id='word_1_222' title='bbox 2807 3514 3009 3580; x_wconf 87' lang='lat' dir='ltr'><strong>confi-</strong></span> 
     </span>
     <span class='ocr_line' id='line_1_28' title="bbox 619 3619 3009 3702; baseline 0 -18"><span class='ocrx_word' id='word_1_223' title='bbox 619 3621 940 3695; x_wconf 89' lang='lat' dir='ltr'><strong>deremus,</strong></span> <span class='ocrx_word' id='word_1_224' title='bbox 977 3619 1532 3702; x_wconf 84' lang='lat' dir='ltr'><strong>conscientiaeque</strong></span> <span class='ocrx_word' id='word_1_225' title='bbox 1571 3631 1833 3685; x_wconf 84' lang='lat' dir='ltr'><strong>nostrae</strong></span> <span class='ocrx_word' id='word_1_226' title='bbox 1872 3622 1955 3685; x_wconf 91' lang='lat' dir='ltr'><strong>ob</strong></span> <span class='ocrx_word' id='word_1_227' title='bbox 1994 3620 2209 3697; x_wconf 89' lang='lat' dir='ltr'><strong>fidem,</strong></span> <span class='ocrx_word' id='word_1_228' title='bbox 2248 3640 2414 3702; x_wconf 83' lang='lat' dir='ltr'><strong>quae</strong></span> <span class='ocrx_word' id='word_1_229' title='bbox 2456 3627 3009 3685; x_wconf 84' lang='lat' dir='ltr'><strong>sacramentorum</strong></span> 
     </span>
     <span class='ocr_line' id='line_1_29' title="bbox 618 3723 3006 3806; baseline -0 -19"><span class='ocrx_word' id='word_1_230' title='bbox 618 3724 844 3789; x_wconf 86' lang='lat' dir='ltr'><strong>virtuti</strong></span> <span class='ocrx_word' id='word_1_231' title='bbox 877 3724 1110 3788; x_wconf 88' lang='lat' dir='ltr'><strong>merito</strong></span> <span class='ocrx_word' id='word_1_232' title='bbox 1141 3724 1439 3788; x_wconf 85' lang='lat' dir='ltr'><strong>habenda</strong></span> <span class='ocrx_word' id='word_1_233' title='bbox 1468 3735 1587 3800; x_wconf 91' lang='lat' dir='ltr'><strong>est,</strong></span> <span class='ocrx_word' id='word_1_234' title='bbox 1619 3724 2015 3806; x_wconf 81' lang='lat' dir='ltr'><strong>peccatiores</strong></span> <span class='ocrx_word' id='word_1_235' title='bbox 2048 3724 2491 3788; x_wconf 89' lang='lat' dir='ltr'><strong>redderentur.</strong></span> <span class='ocrx_word' id='word_1_236' title='bbox 2571 3723 2799 3805; x_wconf 86' lang='lat' dir='ltr'><strong>Neque</strong></span> <span class='ocrx_word' id='word_1_237' title='bbox 2834 3723 3006 3786; x_wconf 90' lang='lat' dir='ltr'><strong>enim</strong></span> 
     </span>
     <span class='ocr_line' id='line_1_30' title="bbox 619 3826 3010 3910; baseline -0.001 -20"><span class='ocrx_word' id='word_1_238' title='bbox 619 3828 806 3891; x_wconf 85' lang='lat' dir='ltr'><strong>aliter</strong></span> <span class='ocrx_word' id='word_1_239' title='bbox 847 3827 1220 3910; x_wconf 81' lang='lat' dir='ltr'><strong>accipienda</strong></span> <span class='ocrx_word' id='word_1_240' title='bbox 1259 3839 1358 3892; x_wconf 92' lang='lat' dir='ltr'><strong>est</strong></span> <span class='ocrx_word' id='word_1_241' title='bbox 1401 3848 1534 3893; x_wconf 83' lang='lat' dir='ltr'><strong>vox</strong></span> <span class='ocrx_word' id='word_1_242' title='bbox 1577 3828 1953 3905; x_wconf 86' lang='lat' dir='ltr'><strong>sacerdotis,</strong></span> <span class='ocrx_word' id='word_1_243' title='bbox 1994 3837 2256 3910; x_wconf 77' lang='lat' dir='ltr'><strong>peccata</strong></span> <span class='ocrx_word' id='word_1_244' title='bbox 2300 3827 2487 3891; x_wconf 89' lang='lat' dir='ltr'><strong>nobis</strong></span> <span class='ocrx_word' id='word_1_245' title='bbox 2531 3826 2813 3907; x_wconf 87' lang='lat' dir='ltr'><strong>legitime</strong></span> <span class='ocrx_word' id='word_1_246' title='bbox 2856 3846 3010 3890; x_wconf 88' lang='lat' dir='ltr'><strong>con-</strong></span> 
     </span>
     <span class='ocr_line' id='line_1_31' title="bbox 621 3927 3009 4014; baseline -0.003 -18"><span class='ocrx_word' id='word_1_247' title='bbox 621 3931 944 4007; x_wconf 76' lang='lat' dir='ltr'><strong>donantiS,</strong></span> <span class='ocrx_word' id='word_1_248' title='bbox 979 3952 1174 4013; x_wconf 83' lang='lat' dir='ltr'><strong>quam</strong></span> <span class='ocrx_word' id='word_1_249' title='bbox 1210 3931 1452 3995; x_wconf 90' lang='lat' dir='ltr'><strong>Christi</strong></span> <span class='ocrx_word' id='word_1_250' title='bbox 1488 3931 1776 4007; x_wconf 86' lang='lat' dir='ltr'><strong>Domini,</strong></span> <span class='ocrx_word' id='word_1_251' title='bbox 1808 3931 1919 4014; x_wconf 89' lang='lat' dir='ltr'><strong>qui</strong></span> <span class='ocrx_word' id='word_1_252' title='bbox 1951 3931 2044 3995; x_wconf 85' lang='lat' dir='ltr'><strong>ait</strong></span> <span class='ocrx_word' id='word_1_253' title='bbox 2076 3930 2467 4013; x_wconf 84' lang='lat' dir='ltr'><strong>paralytico:</strong></span> <span class='ocrx_word' id='word_1_254' title='bbox 2546 3928 2860 4005; x_wconf 87' lang='lat' dir='ltr'><strong>‘Confide,</strong></span> <span class='ocrx_word' id='word_1_255' title='bbox 2894 3927 3009 4002; x_wconf 90' lang='lat' dir='ltr'><strong>fili,</strong></span> 
     </span>
     <span class='ocr_line' id='line_1_32' title="bbox 623 4033 3010 4118; baseline -0 -22"><span class='ocrx_word' id='word_1_256' title='bbox 623 4035 1041 4099; x_wconf 87' lang='lat' dir='ltr'><strong>remittuntur</strong></span> <span class='ocrx_word' id='word_1_257' title='bbox 1087 4035 1202 4099; x_wconf 89' lang='lat' dir='ltr'><strong>tibi</strong></span> <span class='ocrx_word' id='word_1_258' title='bbox 1253 4045 1516 4118; x_wconf 82' lang='lat' dir='ltr'><strong>peecata</strong></span> <span class='ocrx_word' id='word_1_259' title='bbox 1561 4044 1678 4099; x_wconf 84' lang='lat' dir='ltr'><strong>tua</strong></span> <span class='ocrx_word' id='word_1_260' title='bbox 1722 4085 1737 4099; x_wconf 90' lang='lat'><strong>.</strong></span> <span class='ocrx_word' id='word_1_261' title='bbox 1785 4085 1800 4099; x_wconf 92' lang='lat'><strong>.</strong></span> <span class='ocrx_word' id='word_1_262' title='bbox 1848 4083 1863 4099; x_wconf 91' lang='lat'><strong>.</strong></span> <span class='ocrx_word' id='word_1_263' title='bbox 1909 4034 1949 4099; x_wconf 88' lang='lat'><strong>.’</strong></span> <span class='ocrx_word' id='word_1_264' title='bbox 2041 4033 2292 4098; x_wconf 88' lang='lat' dir='ltr'><strong>Deinde</strong></span> <span class='ocrx_word' id='word_1_265' title='bbox 2340 4053 2517 4108; x_wconf 88' lang='lat' dir='ltr'><strong>vero,</strong></span> <span class='ocrx_word' id='word_1_266' title='bbox 2567 4053 2769 4114; x_wconf 86' lang='lat' dir='ltr'><strong>quum</strong></span> <span class='ocrx_word' id='word_1_267' title='bbox 2817 4052 3010 4096; x_wconf 89' lang='lat' dir='ltr'><strong>nemo</strong></span> 
     </span>
     <span class='ocr_line' id='line_1_33' title="bbox 621 4135 3007 4221; baseline -0.002 -19"><span class='ocrx_word' id='word_1_268' title='bbox 621 4139 916 4213; x_wconf 85' lang='lat' dir='ltr'><strong>salutem,</strong></span> <span class='ocrx_word' id='word_1_269' title='bbox 952 4138 1078 4203; x_wconf 89' lang='lat' dir='ltr'><strong>nisi</strong></span> <span class='ocrx_word' id='word_1_270' title='bbox 1113 4159 1232 4221; x_wconf 88' lang='lat' dir='ltr'><strong>per</strong></span> <span class='ocrx_word' id='word_1_271' title='bbox 1269 4137 1624 4213; x_wconf 88' lang='lat' dir='ltr'><strong>Christum,</strong></span> <span class='ocrx_word' id='word_1_272' title='bbox 1659 4137 1935 4220; x_wconf 88' lang='lat' dir='ltr'><strong>ejusque</strong></span> <span class='ocrx_word' id='word_1_273' title='bbox 1972 4137 2295 4221; x_wconf 86' lang='lat' dir='ltr'><strong>passionis</strong></span> <span class='ocrx_word' id='word_1_274' title='bbox 2332 4135 2663 4211; x_wconf 86' lang='lat' dir='ltr'><strong>beneficio,</strong></span> <span class='ocrx_word' id='word_1_275' title='bbox 2701 4135 3007 4217; x_wconf 91' lang='lat' dir='ltr'><strong>consequi</strong></span> 
     </span>
     <span class='ocr_line' id='line_1_34' title="bbox 618 4238 3012 4324; baseline -0.002 -18"><span class='ocrx_word' id='word_1_276' title='bbox 618 4241 847 4322; x_wconf 87' lang='lat' dir='ltr'><strong>possit,</strong></span> <span class='ocrx_word' id='word_1_277' title='bbox 880 4251 1405 4319; x_wconf 86' lang='lat' dir='ltr'><strong>consentaneum,</strong></span> <span class='ocrx_word' id='word_1_278' title='bbox 1441 4241 1755 4324; x_wconf 88' lang='lat' dir='ltr'><strong>nobisque</strong></span> <span class='ocrx_word' id='word_1_279' title='bbox 1791 4240 2208 4306; x_wconf 88' lang='lat' dir='ltr'><strong>utilissimum</strong></span> <span class='ocrx_word' id='word_1_280' title='bbox 2247 4238 2398 4315; x_wconf 82' lang='lat' dir='ltr'><strong>fuit,</strong></span> <span class='ocrx_word' id='word_1_281' title='bbox 2435 4239 2759 4321; x_wconf 88' lang='lat' dir='ltr'><strong>ejusmodi</strong></span> <span class='ocrx_word' id='word_1_282' title='bbox 2798 4258 3012 4303; x_wconf 82' lang='lat' dir='ltr'><strong>sacra-</strong></span> 
     </span>
     <span class='ocr_line' id='line_1_35' title="bbox 621 4341 3010 4425; baseline -0.002 -18"><span class='ocrx_word' id='word_1_283' title='bbox 621 4353 912 4408; x_wconf 87' lang='lat' dir='ltr'><strong>mentum</strong></span> <span class='ocrx_word' id='word_1_284' title='bbox 952 4343 1224 4419; x_wconf 87' lang='lat' dir='ltr'><strong>institui,</strong></span> <span class='ocrx_word' id='word_1_285' title='bbox 1260 4343 1454 4425; x_wconf 87' lang='lat' dir='ltr'><strong>cujus</strong></span> <span class='ocrx_word' id='word_1_286' title='bbox 1492 4343 1558 4407; x_wconf 84' lang='lat' dir='ltr'><strong>vi</strong></span> <span class='ocrx_word' id='word_1_287' title='bbox 1599 4354 1665 4409; x_wconf 92' lang='lat' dir='ltr'><strong>et</strong></span> <span class='ocrx_word' id='word_1_288' title='bbox 1703 4342 1977 4409; x_wconf 80' lang='lat' dir='ltr'><strong>efficatia</strong></span> <span class='ocrx_word' id='word_1_289' title='bbox 2019 4342 2261 4408; x_wconf 90' lang='lat' dir='ltr'><strong>Christi</strong></span> <span class='ocrx_word' id='word_1_290' title='bbox 2304 4342 2569 4424; x_wconf 86' lang='lat' dir='ltr'><strong>sanguis</strong></span> <span class='ocrx_word' id='word_1_291' title='bbox 2609 4342 2693 4406; x_wconf 84' lang='lat' dir='ltr'><strong>ad</strong></span> <span class='ocrx_word' id='word_1_292' title='bbox 2735 4360 2856 4405; x_wconf 89' lang='lat' dir='ltr'><strong>nos</strong></span> <span class='ocrx_word' id='word_1_293' title='bbox 2898 4341 3010 4404; x_wconf 90' lang='lat' dir='ltr'><strong>de-</strong></span> 
     </span>
     <span class='ocr_line' id='line_1_36' title="bbox 619 4444 3009 4530; baseline -0.002 -21"><span class='ocrx_word' id='word_1_294' title='bbox 619 4444 828 4511; x_wconf 87' lang='lat' dir='ltr'><strong>fluens</strong></span> <span class='ocrx_word' id='word_1_295' title='bbox 866 4457 1128 4530; x_wconf 78' lang='lat' dir='ltr'><strong>peecata</strong></span> <span class='ocrx_word' id='word_1_296' title='bbox 1167 4457 1316 4529; x_wconf 91' lang='lat' dir='ltr'><strong>post</strong></span> <span class='ocrx_word' id='word_1_297' title='bbox 1354 4447 1748 4529; x_wconf 83' lang='lat' dir='ltr'><strong>baptismum</strong></span> <span class='ocrx_word' id='word_1_298' title='bbox 1789 4446 2074 4511; x_wconf 84' lang='lat' dir='ltr'><strong>admissa</strong></span> <span class='ocrx_word' id='word_1_299' title='bbox 2113 4446 2377 4520; x_wconf 88' lang='lat' dir='ltr'><strong>elueret,</strong></span> <span class='ocrx_word' id='word_1_300' title='bbox 2418 4454 2613 4526; x_wconf 84' lang='lat' dir='ltr'><strong>atque</strong></span> <span class='ocrx_word' id='word_1_301' title='bbox 2654 4445 2746 4507; x_wconf 88' lang='lat' dir='ltr'><strong>ita</strong></span> <span class='ocrx_word' id='word_1_302' title='bbox 2786 4462 3009 4507; x_wconf 86' lang='lat' dir='ltr'><strong>recon-</strong></span> 
     </span>
     <span class='ocr_line' id='line_1_37' title="bbox 621 4545 3013 4629; baseline -0.001 -16"><span class='ocrx_word' id='word_1_303' title='bbox 621 4548 965 4615; x_wconf 86' lang='lat' dir='ltr'><strong>ciliationis</strong></span> <span class='ocrx_word' id='word_1_304' title='bbox 1010 4549 1392 4615; x_wconf 88' lang='lat' dir='ltr'><strong>beneficium</strong></span> <span class='ocrx_word' id='word_1_305' title='bbox 1437 4550 1527 4613; x_wconf 91' lang='lat' dir='ltr'><strong>illi</strong></span> <span class='ocrx_word' id='word_1_306' title='bbox 1573 4551 1687 4614; x_wconf 90' lang='lat' dir='ltr'><strong>uni</strong></span> <span class='ocrx_word' id='word_1_307' title='bbox 1737 4549 2060 4614; x_wconf 87' lang='lat' dir='ltr'><strong>Salvatori</strong></span> <span class='ocrx_word' id='word_1_308' title='bbox 2107 4557 2333 4611; x_wconf 90' lang='lat' dir='ltr'><strong>nostro</strong></span> <span class='ocrx_word' id='word_1_309' title='bbox 2378 4558 2713 4629; x_wconf 84' lang='lat' dir='ltr'><strong>acceptum</strong></span> <span class='ocrx_word' id='word_1_310' title='bbox 2761 4545 3013 4610; x_wconf 81' lang='lat' dir='ltr'><strong>referre</strong></span> 
     </span>
     <span class='ocr_line' id='line_1_38' title="bbox 621 4652 1132 4733; baseline 0.006 -18"><span class='ocrx_word' id='word_1_311' title='bbox 621 4652 1132 4733; x_wconf 88' lang='lat' dir='ltr'><strong>prefiteremur”.</strong></span> 
     </span>
    </p>
   </div>
  </div>
 </body>
</html>
