3509 5267
1006 560 1106 621 De
1147 556 1444 621 Cluvium
1478 554 1833 619 Potes-tatis
1867 553 2239 617 Existentia
2271 552 2489 632 Atque
2525 552 2803 617 Natura.
3024 550 3111 613 43

717 740 974 805 veniam
1027 739 1386 804 interclusit
1437 738 1738 803 omnibus
1789 758 1907 801 nec
1929 766 1933 769 ·
1959 755 2077 800 vos
2140 734 2569 816 (Novatiani)
2634 734 2991 798 imitatores
3045 743 3110 796 et

715 842 1293 909 condemnatores”
1338 841 1710 922 ejusdem¹¹.
2054 866 2057 869 ⁴

689 957 698 964 '
811 952 918 1035 (c)
980 954 1220 1017 Petrus
1271 951 1682 1015 Abaelardus
1733 949 1953 1013 docuit
2007 948 2223 1030 “quod
2270 955 2563 1029 potestas
2616 946 2857 1027 ligandi
2913 955 3107 1026 atque

717 1057 1008 1122 solvendi
1054 1055 1388 1137 Apostolis
1432 1064 1686 1118 tantum
1731 1055 1883 1117 data
1928 1053 2030 1128 sit,
2076 1072 2209 1115 non
2254 1050 2853 1115 successoribus’'¹².

812 1170 928 1253 (d)
989 1172 1074 1235 W
1074 1171 1388 1246 aldenseS,
1441 1169 1526 1233 W
1525 1167 1831 1242 icleffitae‚
1875 1167 1948 1229 H
1950 1166 2211 1242 ussitae,
2256 1166 2548 1229 nonnulli
2594 1165 2872 1229 Armeni
2915 1173 3109 1247 atque

717 1275 1046 1340 Fraticelli
1087 1274 1384 1338 dicebant
1429 1292 1667 1355 pravos
1713 1272 2080 1336 sacerdotes
2127 1270 2468 1334 absolvere·
2504 1280 2637 1337 'non
2679 1290 2892 1351 posse.
2984 1268 3105 1333 Cui

717 1380 921 1444 errori
955 1380 1064 1443 W
1063 1378 1368 1454 icleffitae,
1418 1378 1491 1440 H
1493 1378 1732 1441 ussitae
1786 1397 1863 1441 ac
1914 1376 2242 1439 Fraticelli
2290 1375 2613 1439 addebant
2636 1373 2836 1438 --hunc
2885 1371 3107 1445 alium,

717 1506 824 1559 sc„
865 1484 1185 1565 simplices
1224 1482 1448 1547 fideles
1486 1482 1691 1547 bonos
1712 1482 1966 1545 habere
2008 1480 2287 1544 clavium
2325 1487 2731 1561 potestatem.

810 1600 916 1681 (e)
971 1601 1437 1663 Protestantes.
1482 1634 1569 1644 —
1616 1595 1689 1677 1)
1745 1596 2074 1659 Lutherus
2119 1605 2183 1659 et
2229 1592 2549 1659 lutherani
2596 1595 2943 1676 aliquando
2992 1594 3107 1658 ad-

693 1705 1054 1769 ·mittebant
1097 1712 1571 1767 sacramentum
1614 1693 2079 1775 Poenitentiae‚
2121 1700 2467 1779 aliquando
2511 1699 2906 1780 rejiciebant.
2976 1698 3107 1763 Sed

717 1808 946 1873 ultimo
989 1807 1374 1888 rejecerunt.
1462 1806 1811 1880 Audiatur,
1854 1826 1914 1869 v.
1961 1820 2055 1885 g.,·
2088 1804 2413 1868 Lutherus
2460 1800 2629 1885 ipse:
2722 1802 3109 1867 “Poeniten-

718 1912 846 1977 tiae
899 1921 1393 1987 sacramentum,
1443 1910 1618 1992 quod
1669 1930 1791 1991 ego
1841 1910 1942 1973 his
1994 1900 2268 1973 duobus¹
2311 1908 2684 1990 (Baptismo
2736 1917 2800 1971 et
2854 1907 3109 1972 Caenae

720 2016 1020 2097 Domini)
1083 2016 1380 2079 accensui
1435 2015 1621 2096 signo
1673 2013 1909 2077 visibili
1963 2024 2027 2077 et
2079 2013 2390 2077 divinitus
2438 2013 2741 2077 'instituto
2795 2021 2990 2086 caret,
3044 2021 3107 2074 et

670 2133 672 2135 ’
720 2119 896 2184 aliud
951 2140 1082 2183 non
1135 2124 1277 2183 esse
1332 2118 1469 2181 dixi
1524 2139 1719 2200 quam
1774 2119 1947 2181 viam
2002 2128 2066 2181 et
2123 2111 2405 2180 reditum
2460 2118 2543 2181 ad
2598 2114 3109 2198 baptismum”¹⁸.

721 2224 886 2289 Cum
926 2244 1082 2305 ergo
1123 2223 1530 2288 Poenitentia
1568 2232 1785 2287 careat
1827 2222 2012 2304 signo
2053 2222 2289 2285 visibili
2330 2232 2395 2285 et
2436 2221 2747 2285 divinitus
2791 2220 3107 2295 instituto,

717 2328 1142 2410 proculdubio
1188 2348 1320 2391 non
1365 2337 1462 2391 est
1508 2336 2006 2403 sacramentum,
2051 2326 2243 2407 juxta
2294 2325 2845 2390 Lutherum.—-Et
2892 2325 2944 2389 si
2993 2325 3109 2388 ali-

718 2433 998 2515 quande,
1043 2432 1127 2495 ad
1175 2431 1424 2496 fucum*
1447 2431 1840 2505 faciendum,
1886 2431 2109 2494 dicunt
2150 2449 2267 2513 per
2311 2430 2774 2512 poenitentiam
2819 2429 3108 2494 conferri

718 2547 1129 2618 peccatorum
1182 2536 1673 2610 absolutionem,
1726 2535 2091 2617 intelligunt
2141 2544 2254 2598 aut
2307 2534 2751 2597 Poenitentiae
2801 2534 3108 2598 virtutem

719 2650 831 2703 aut
864 2642 1106 2704 nudam
1139 2640 1562 2704 absolutionis
1596 2640 2117 2715 declarationem,
2154 2640 2193 2703 i.
2230 2659 2305 2715 e.,
2341 2659 2521 2702 sacer
2554 2637 2849 2701 minister
2884 2659 3111 2701 revera

720 2766 851 2809 non
897 2744 1192 2818 absolvit,
1241 2745 1354 2808 sed
1400 2744 1851 2807 tantummodo
1900 2744 2055 2807 dicit
2104 2744 2319 2807 Deum
2368 2743 2700 2807 absolvere
2748 2744 2852 2806 vel
2900 2743 3109 2807 absol-

718 2849 891 2913 visse
941 2858 1276 2930 peccatum
1329 2847 1704 2930 peccatoris,
1755 2858 2023 2930 propter
2074 2848 2275 2929 hujus
2327 2846 2522 2910 fidem
2576 2846 2940 2911 fiducialem
2995 2866 3109 2909 seu

719 2952 1194 3017 confidentiam.
1966 2943 1969 2947 ’
3110 2932 3115 2935 ’

805 3056 878 3136 2)
938 3057 1247 3121 Calvinus
1291 3057 1550 3137 negavit
1598 3056 2077 3120 distinctionem
2123 3055 2515 3136 baptismum
2563 3054 2731 3119 inter
2778 3064 2841 3119 et
2887 3054 3109 3137 poeni-

719 3162 1008 3235 tentiam,
1057 3170 1250 3243 atque
1303 3154 1521 3224 docuit
1569 3161 2033 3242 poenitentiam
2083 3160 2243 3222 nihil
2293 3160 2470 3223 aliud
2520 3180 2660 3223 esse
2709 3179 2904 3241 quam
2954 3158 3109 3238 bap-

718 3266 891 3330 tismi
932 3266 1462 3333 recordationem.
1547 3264 1617 3329 Si
1655 3266 1800 3345 quis
1838 3265 2099 3346 aliquod
2137 3264 2459 3328 commisit
2495 3262 2850 3345 peccatum,
2886 3273 2960 3326 ut
2998 3263 3109 3326 ab-

721 3371 1106 3434 solutionem
1153 3355 1458 3444 obtineat,
1505 3369 1664 3432 nihil
1709 3358 1885 3432 aliud
1936 3369 2152 3432 facere
2198 3368 2385 3431 debet
2432 3368 2555 3431 nisi
2601 3368 2993 3448 baptismum
3041 3366 3110 3429 in

718 3485 999 3537 mentem
1043 3474 1356 3538 recolere:
1441 3474 1592 3538 “Sic
1633 3484 1851 3537 autem
1892 3473 2308 3554 cogitandum
2348 3482 2466 3547 est,
2509 3492 2913 3553 quocumque
2953 3472 3108 3551 bap-

718 3579 996 3643 tizamur
1038 3589 1348 3659 tempore,
1395 3598 1515 3641 nos
1563 3579 1758 3641 semel
1808 3578 1874 3639 in
1920 3598 2179 3641 omnem
2228 3577 2430 3640 vitam
2476 3576 2647 3639 ablui
2698 3586 2761 3638 et
2806 3575 3106 3656 purgari:

719 3683 934 3765 itaque
977 3682 1229 3764 quoties
1274 3682 1434 3764 lapsi
1485 3682 1824 3757 fuerimus,
1871 3682 2219 3762 repetenda
2262 3681 2384 3744 erit
2428 3680 2728 3762 baptismi
2775 3678 3108 3752 memoria,

719 3797 783 3851 et
816 3788 936 3852 hac
971 3797 1260 3851 armatus
1305 3786 1498 3867 (erit)
1543 3787 1819 3861 animm,
1854 3797 1927 3849 ut
1963 3787 2043 3849 de
2079 3795 2491 3868 peccatorum
2528 3784 2904 3847 remissione
2943 3803 3109 3845 sem-

718 3912 835 3972 per
885 3901 1100 3955 certus
1155 3911 1545 3971 securusque
1600 3891 1717 3966 sit;
1772 3912 1922 3954 nam
1978 3891 2097 3953 etsi
2150 3878 2639 3953 administratus
2692 3887 3103 3969 praeteriisse

717 3995 898 4059 visus
937 3996 1038 4071 sit,
1079 3995 1544 4076 posterioribus
1583 4005 1801 4058 tamen
1839 3995 2117 4076 peccatis
2156 4008 2288 4057 non
2325 4003 2424 4056 est
2461 3992 2855 4055 abolitus”¹⁴.

805 4107 879 4187 3)
938 4106 1228 4171 Ecclesia
1275 4105 1659 4186 Anylicana,
1707 4105 1901 4185 juxta
1950 4105 2029 4166 M
2033 4104 2375 4177 ortimer¹⁶,
2425 4102 2713 4184 aliosque
2764 4101 3109 4165 nonnullos

719 4210 1270 4293 Episcopalianos,
1300 4210 1590 4291 agnoscit
1618 4209 2099 4273 confessionem
2129 4206 2698 4286 sacramentalem(
2724 4206 2806 4285 ἒ),
2838 4206 2951 4269 sed
2978 4226 3109 4269 non

801 4380 855 4418 11
877 4382 957 4435 M.
996 4381 1059 4435 P.
1096 4380 1176 4445 L.,
1218 4381 1294 4445 16,
1324 4380 1448 4433 ·469.

800 4448 856 4486 12
877 4452 1050 4503 Denz.
1053 4449 1236 4513 ·-Ban.,
1278 4467 1330 4502 n.
1372 4448 1486 4503 379.

802 4516 856 4554 13
876 4520 962 4572 De
1009 4516 1126 4581 Cap
1129 4517 1269 4572 tivit.
1315 4516 1655 4581 Babilonica,
1700 4515 1849 4571 circa
1891 4513 2076 4569 finem.

802 4583 1121 4640 141nsti1tut.
1165 4585 1254 4638 lib.
1299 4584 1398 4649 IV,
1440 4602 1540 4649 cap
1603 4586 1680 4638 15.

800 4652 856 4690 15
877 4653 1192 4717 Mortimer,
1237 4652 1491 4707 Catholic
1505 4602 1698 4708 1'Faith
1741 4652 1852 4707 and
1896 4650 2165 4716 Praetice,
2207 4650 2316 4707 vol.
2362 4650 2437 4717 11,
2475 4666 2602 4716 pag.
2648 4649 2746 4703 166
2788 4666 2876 4713 ss,
2917 4648 3107 4714 Long-

717 4738 894 4786 manS,
931 4722 1115 4777 Green
1149 4696 1262 4777 a'nd
1297 4722 1594 4787 co„1905.
