3509 5267
1496 641 1926 718 THESES.

1666 875 1719 940 I.

584 992 685 1056 De
723 993 854 1058 fide
892 994 1243 1058 tenendum
1285 1004 1385 1059 est
1424 995 1644 1059 omnia
1689 994 2109 1060 Sacramenta
2153 996 2382 1062 Novae
2425 997 2620 1078 Legis
2665 997 2892 1072 fuisse,

500 1095 728 1158 saltem
776 1095 1075 1171 mediate,
1121 1117 1161 1160 a
1213 1096 1476 1162 Christo
1524 1097 1810 1162 Domino
1858 1098 2176 1173 instituta,
2222 1109 2286 1163 et
2335 1107 2584 1164 certum
2632 1098 2892 1164 videtur

495 1197 715 1262 omnia
758 1198 1001 1280 pariter
1049 1198 1253 1263 fuisse
1297 1199 1379 1263 ab
1422 1199 1651 1264 eodem
1696 1200 1982 1264 Domino
2027 1200 2396 1267 immediate
2445 1201 2759 1265 instituta.

1643 1352 1733 1426 II.

576 1470 899 1553 Quamvis
950 1471 1165 1535 nullus
1216 1470 1582 1535 inveniatur
1630 1480 1782 1535 ante
1832 1471 2160 1536 saeculum
2213 1471 2372 1546 XII,
2425 1471 2534 1553 qui
2586 1470 2888 1554 explicite

491 1583 761 1656 septem,
794 1585 857 1638 et
890 1583 1135 1656 septem
1167 1584 1422 1637 tantum
1454 1583 1858 1638 sacramenta
1889 1573 2384 1648 enumeraverit,
2418 1583 2704 1637 attamen
2735 1594 2889 1655 pro-

492 1677 633 1741 bari
668 1685 882 1757 potest
918 1676 1144 1760 eadem
1181 1676 1248 1738 in
1284 1696 1408 1739 usu
1451 1675 1655 1740 fuisse
1693 1676 1776 1739 ab
1815 1675 2142 1739 Ecclesiae
2179 1674 2382 1739 initio.

1620 1827 1746 1891 III.

581 1946 1000 2012 Sacramenta
1043 1967 1081 2010 a
1127 1946 1389 2010 Christo
1433 1946 1729 2010 instituta
1773 1945 2036 2010 minime
2079 1945 2356 2028 spectari
2403 1955 2677 2028 possunt
2719 1956 2886 2009 tam-

493 2070 688 2131 quam
726 2070 903 2112 mera
936 2058 1220 2131 putaque
1259 2049 1549 2130 symbola
1586 2059 1649 2112 et
1686 2047 2106 2112 memorialia.

1623 2200 1741 2265 IV.

580 2316 999 2382 Sacramenta
1055 2317 1297 2386 Novae„
1340 2316 1533 2397 Legis
1590 2316 1868 2397 gratiam
1921 2324 2192 2379 causant
2247 2336 2442 2396 quam
2498 2315 2883 2397 significant,

493 2420 825 2501 ipsamque
865 2420 1113 2483 obicem
1156 2437 1285 2482 non
1326 2419 1713 2500 ponentibus
1754 2417 2105 2481 conferunt
2147 2439 2231 2480 ex
2273 2438 2467 2498 opere
2511 2426 2798 2498 operato.

1638 2569 1721 2634 V.

572 2691 846 2772 Triplex
896 2690 1233 2772 Baptismi,
1285 2688 1815 2754 confirmationis
1862 2700 1926 2753 et
1977 2689 2248 2753 Ordinis
2299 2687 2571 2753 effectus
2619 2709 2882 2752 enume-

491 2803 706 2857 ratur:
752 2793 961 2874 gratia
1006 2792 1435 2866 sanctificam,
1477 2791 1686 2872 gratia
1732 2790 2078 2855 habitualis
2122 2801 2315 2872 atque
2358 2791 2710 2855 character.

1618 2942 1739 3006 VI.

572 3064 682 3127 Ad
737 3063 1629 3127 validam·÷.saeramentomm
1686 3052 2314 3125 administrationem
2375 3061 2723 3141 requiritur
2782 3059 2879 3122 in-

488 3165 691 3229 tentio
723 3184 875 3229 vere
908 3165 1181 3239 interna,
1214 3163 1510 3228 virtualis
1544 3162 1792 3237 saltem,
1827 3173 2019 3243 atque
2053 3162 2480 3226 determinata
2515 3163 2599 3226 ad
2632 3172 2878 3226 certam

486 3288 832 3349 personam
878 3277 988 3330 aut
1035 3266 1391 3330 materiam.

1599 3367 1755 3432 VII.

571 3488 805 3551 Valide
850 3487 995 3568 quis
1036 3487 1351 3568 baptizari
1396 3497 1609 3568 potest
1654 3485 2028 3567 aspersione
2072 3485 2174 3549 vel
2223 3484 2554 3548 infusione
2600 3495 2712 3547 aut
2758 3484 2876 3546 im·

486 3590 843 3664 mersione;
884 3589 1147 3653 minime
1188 3609 1345 3654 vero
1386 3589 1735 3671 requiritur
1779 3587 2127 3652 immersio.

1579 3743 1774 3806 VIII.

572 3862 888 3944 Baptismi
938 3862 1302 3943 subjectum
1350 3873 1449 3926 est
1497 3862 1763 3944 quilibet
1811 3862 2008 3926 homo
2053 3860 2266 3925 viator
2315 3880 2446 3924 non
2493 3857 2873 3941 baptizatuS,

481 3965 737 4029 etiamsi
776 3965 860 4029 sit
895 3964 1136 4029 infans

1615 4066 1735 4131 IX.

569 4176 745 4239 Bene
774 4175 1061 4257 inspecta
1091 4175 1466 4256 quaestione
1499 4174 1755 4248 XXIV,
1787 4184 1952 4255 part.
1990 4173 2107 4248 IV,
2142 4172 2449 4237 Summae
2481 4168 2874 4250 Theologiae

483 4277 845 4341 Alexandri
886 4277 1215 4351 HalensiS,
1255 4277 1557 4342 sustineri
1597 4287 1811 4358 potest
1851 4275 2302 4339 Alexandrum
2346 4273 2700 4336 Halensem
2742 4290 2873 4334 non

483 4381 780 4444 docuisse
827 4379 1352 4444 Confirmationis
1399 4389 1874 4443 sacramentum
1923 4378 2128 4442 fuisse
2175 4376 2543 4440 institutum
2589 4375 2656 4437 in
2702 4372 2872 4437 Con-

482 4481 630 4558 cilio
672 4481 1015 4568 Meldensi,
1054 4483 1167 4546 sed
1211 4481 1418 4567 fuiss-e
1456 4482 1741 4568 locutum
1780 4479 2155 4563 praefatum
2193 4488 2525 4542 auctorem
2565 4477 2645 4539 de
2685 4494 2870 4538 accu-

478 4578 707 4654 ratiori
752 4566 1155 4648 ¹sacramenti
1198 4571 1732 4647 determinatione
1781 4581 1956 4647 facta
1996 4581 2064 4645 in
2105 4600 2302 4662 supra
2345 4579 2518 4642 dicto
2561 4576 2869 4641 Concilio.

1565 4714 1701 4762 (134)
