3509 5267
1485 891 1846 971 CAPUT
1897 892 1990 971 V.

878 1044 1004 1120 De
1054 1046 1483 1141 praecipuis
1535 1044 1861 1121 collatae
1912 1020 2318 1141 potestatis
2367 1046 2596 1123 notis.

634 1191 940 1256 Solvendi
979 1213 1137 1275 ergo
1175 1192 1622 1275 retinendique
1660 1192 1981 1275 stupenda
2020 1202 2340 1275 potestate
2378 1193 2681 1276 Apostoli
2721 1215 2762 1258 a
2804 1195 2937 1259 Do-

545 1295 725 1359 mino
761 1295 983 1359 donati
1020 1305 1190 1360 sunt.
1274 1297 1336 1359 Ν
1341 1317 1467 1361 unc
1504 1296 1690 1377 nobis
1729 1296 2125 1360 evolvendus
2162 1306 2262 1361 est
2300 1316 2481 1361 sacer
2517 1306 2759 1374 textus,
2797 1307 2938 1361 tum

544 1397 881 1463 educando
920 1398 1137 1464 varias
1176 1400 1518 1481 qualitates
1558 1399 1797 1482 quibus*
1834 1400 2032 1482 pollet
2071 1398 2407 1481 praefecta
2447 1410 2755 1483 potestas,
2798 1410 2939 1465 tum

549 1502 916 1582 repellendo
969 1523 1222 1566 errores
1280 1502 1562 1567 falsasve
1613 1503 1953 1585 opiniones
2003 1513 2400 1573 occurentes.
2473 1502 2665 1584 Quae
2718 1504 2936 1567 omnia

551 1602 865 1668 faciemus
906 1625 1023 1686 per
1063 1606 1281 1669 varios
1322 1606 1628 1669 articulos
1672 1615 2033 1687 sequentes.

963 1774 1480 1839 Tractandorum
1519 1783 1902 1855 conspectus
1940 1774 2006 1837 in
2048 1774 2170 1839 hoc
2211 1774 2526 1855 capitulo:

630 1912 776 1975 Art.
821 1910 888 1974 1:
977 1910 1275 1976 Potestas
1316 1910 1596 1975 clavium
1639 1921 1738 1976 est
1779 1920 2067 1993 potestas
2109 1931 2496 1994 permanens
2538 1911 2606 1974 in
2650 1909 2938 1975 Ecclesia

547 2013 900 2079 Catholica.

630 2117 776 2181 Art.
816 2117 920 2181 11:
1009 2116 1306 2181 Clavium
1340 2127 1627 2199 potestas
1663 2137 1796 2182 non
1831 2127 1930 2182 est
1962 2127 2251 2200 potestas
2290 2117 2717 2198 Evangelium
2752 2136 2938 2198 prae-

546 2219 823 2283 dicandi.

630 2323 776 2386 Art.
819 2322 959 2386 III:
1048 2322 1345 2388 Clavium
1382 2332 1668 2406 potestas
1708 2334 1807 2388 est
1844 2324 2111 2388 omnino
2148 2323 2453 2388 distincta
2492 2344 2531 2387 a
2568 2322 2936 2405 baptizandi

547 2435 884 2507 potestate.

629 2528 775 2592 Art.
811 2528 943 2592 IV:
1020 2528 1319 2594 Clavium
1349 2539 1636 2611 potestas
1667 2540 1767 2595 est
1796 2538 2084 2612 potestas
2115 2551 2269 2594 vere
2304 2529 2640 2594 remissiva
2672 2528 2938 2611 peccati,

546 2641 740 2712 atque
771 2652 902 2694 non
935 2631 1326 2697 declarat-iva
1357 2642 1630 2697 tantum.

632 2736 780 2801 Art.
813 2736 910 2800 V:
999 2734 1296 2800 Clavium
1324 2746 1612 2817 potestas
1641 2744 1740 2800 est
1769 2744 2057 2817 potestas
2087 2733 2491 2799 universalis.

632 2838 779 2902 Art.
818 2838 951 2902 VI:
1030 2838 1330 2904 Clavium
1364 2847 1651 2921 potestas
1689 2848 1789 2903 est
1823 2847 2111 2920 potestas
2149 2836 2493 2919 judicialis.

632 2942 778 3005 Art.
824 2941 994 3005 VII:
1084 2940 1382 3005 Clavium
1422 2951 1709 3023 potestas
1751 2951 1853 3005 est
1892 2949 2181 3023 potestas
2222 2939 2605 3004 necessaria.

1399 3142 1933 3208 ARTICULUS
2023 3142 2075 3207 Ι.

621 3282 906 3337 Potestas
953 3280 1208 3336 clavium
1254 3288 1352 3336 est
1396 3287 1671 3346 potestas
1715 3295 2079 3345 permanens
2124 3277 2188 3333 in
2233 3278 2511 3334 Ecclesia
2556 3277 2869 3334 catholica.

635 3414 1030 3498 Praeprimis
1085 3426 1150 3479 et
1205 3425 1356 3479 ante
1412 3415 1631 3478 omnia
1688 3413 2147 3496 inquirendum
2205 3422 2324 3487 est,
2382 3422 2602 3475 utrum
2659 3412 2940 3475 clavium

548 3529 835 3601 potestas
891 3528 1277 3599 permanens
1337 3518 1420 3581 sit
1476 3518 1544 3580 in
1601 3515 1912 3591 Ecclesia,
1970 3525 2211 3590 utrum,
2270 3536 2379 3590 sc..
2436 3515 2594 3579 haec
2650 3523 2938 3596 potestas

547 3622 877 3685 transierit
923 3622 1007 3685 ad
1051 3621 1389 3703 episcopos
1434 3631 1499 3685 et
1542 3620 1975 3702 presbyteroS,
2023 3639 2108 3682 an
2153 3639 2460 3683 concessa
2511 3616 2712 3681 fuerit
2758 3617 2940 3699 Apo-

550 3725 732 3789 stolis
762 3725 1234 3788 tantummodo,

632 3834 1042 3898 Abaelardus
1089 3854 1288 3898 ausus
1337 3843 1436 3897 est
1485 3832 1804 3897 sustinere
1854 3831 2071 3913 “quod
2118 3840 2405 3913 potestas
2456 3830 2694 3911 ligendi
2744 3839 2939 3910 atque

550 3937 842 4001 solvendi
894 3936 1232 4020 Apostolis
1285 3944 1537 4000 tantum
1590 3934 1745 3999 data.
1796 3934 1902 4011 sit,
1953 3954 2086 3997 non
2140 3932 2707 3998 successoribus”¹.
2809 3931 2941 3995 Sed

550 4049 776 4103 contra
831 4039 1064 4121 ipsum,
1120 4040 1262 4103 Deo
1322 4039 1603 4113 favente,
1659 4039 1971 4103 habemus
2029 4060 2079 4102 s.
2136 4037 2583 4100 Traditionem
2639 4044 2940 4100 constan-

548 4143 868 4207 tissimam
941 4142 1366 4207 sustinentem
1439 4141 1819 4223 hujusmodi
1891 4150 2279 4223 potestatem
2352 4140 2667 4204 exsistere
2741 4157 2940 4220 penes

549 4246 899 4309 catholicos
946 4246 1283 4327 episcopos
1330 4256 1395 4309 et
1441 4244 1887 4330 presbyteros..

636 4354 829 4419 Prob.
886 4354 1023 4436 (A)
1075 4356 1352 4420 Ratione
1396 4355 1526 4435 fide
1569 4352 2117 4434 illustram—(a)
2175 4353 2473 4417 Potestas
2518 4351 2797 4416 clavium
2841 4358 2941 4415 est

549 4478 778 4521 verum
812 4468 876 4521 et
907 4458 1244 4539 proprium
1281 4467 1793 4532 sacramentum:
1828 4457 1941 4521 sed
1978 4465 2381 4521 sacramenta
2419 4464 2569 4519 sunt
2602 4453 2759 4536 quid
2794 4472 2941 4533 per-

632 4629 654 4667 1
678 4629 1037 4694 Denz.-Ban.,
1079 4628 1252 4683 Ench.
1297 4628 1560 4694 symbol..
1600 4646 1652 4683 n.
1693 4629 1808 4683 379.

1699 4725 1810 4779 (64)
