<?xml version="1.0" encoding="UTF-8"?>
<!DOCTYPE html PUBLIC "-//W3C//DTD XHTML 1.0 Transitional//EN"
    "http://www.w3.org/TR/xhtml1/DTD/xhtml1-transitional.dtd">
<html xmlns="http://www.w3.org/1999/xhtml" xml:lang="en" lang="en">
 <head>
  <title>
</title>
<meta http-equiv="Content-Type" content="text/html;charset=utf-8" />
  <meta name='ocr-system' content='tesseract 3.04.00' />
  <meta name='ocr-capabilities' content='ocr_page ocr_carea ocr_par ocr_line ocrx_word'/>
</head>
<body>
  <div class='ocr_page' id='page_1' title='image "./declaviumpotest00villgoog_0103.png"; bbox 0 0 3509 5267; ppageno 0'>
   <div class='ocr_carea' id='block_1_1' title="bbox 878 548 2979 631">
    <p class='ocr_par' dir='ltr' id='par_1_1' title="bbox 878 548 2979 631">
     <span class='ocr_line' id='line_1_1' title="bbox 878 548 2979 631; baseline 0.001 -19"><span class='ocrx_word' id='word_1_1' title='bbox 878 548 980 612; x_wconf 90' lang='lat' dir='ltr'><strong>De</strong></span> <span class='ocrx_word' id='word_1_2' title='bbox 1020 548 1317 612; x_wconf 76' lang='lat' dir='ltr'><strong>Cluvium</strong></span> <span class='ocrx_word' id='word_1_3' title='bbox 1350 550 1704 615; x_wconf 81' lang='lat' dir='ltr'><strong>Potestatis</strong></span> <span class='ocrx_word' id='word_1_4' title='bbox 1740 550 2111 614; x_wconf 81' lang='lat' dir='ltr'><strong>Existentia</strong></span> <span class='ocrx_word' id='word_1_5' title='bbox 2145 551 2363 631; x_wconf 77' lang='lat' dir='ltr'><strong>Atque</strong></span> <span class='ocrx_word' id='word_1_6' title='bbox 2398 551 2676 616; x_wconf 78' lang='lat' dir='ltr'><strong>Natura.</strong></span> <span class='ocrx_word' id='word_1_7' title='bbox 2894 551 2979 615; x_wconf 89' lang='grc'><strong>89</strong></span> 
     </span>
    </p>
   </div>
   <div class='ocr_carea' id='block_1_2' title="bbox 795 748 2766 832">
    <p class='ocr_par' dir='ltr' id='par_1_2' title="bbox 795 748 2766 832">
     <span class='ocr_line' id='line_1_2' title="bbox 795 748 2766 832; baseline 0.001 -18"><span class='ocrx_word' id='word_1_8' title='bbox 795 748 1096 814; x_wconf 74' lang='lat' dir='ltr'><strong>Cluvium</strong></span> <span class='ocrx_word' id='word_1_9' title='bbox 1132 757 1422 830; x_wconf 73' lang='lat' dir='ltr'><strong>potestas</strong></span> <span class='ocrx_word' id='word_1_10' title='bbox 1463 758 1560 815; x_wconf 79' lang='lat' dir='ltr'><strong>est</strong></span> <span class='ocrx_word' id='word_1_11' title='bbox 1598 757 1889 830; x_wconf 74' lang='lat' dir='ltr'><strong>potestas</strong></span> <span class='ocrx_word' id='word_1_12' title='bbox 1927 769 2080 814; x_wconf 82' lang='lat' dir='ltr'><strong>vere</strong></span> <span class='ocrx_word' id='word_1_13' title='bbox 2120 749 2464 815; x_wconf 72' lang='lat' dir='ltr'><em>remissiva</em></span> <span class='ocrx_word' id='word_1_14' title='bbox 2501 751 2766 832; x_wconf 78' lang='lat' dir='ltr'><strong>peccati.</strong></span> 
     </span>
    </p>
   </div>
   <div class='ocr_carea' id='block_1_3' title="bbox 580 900 2978 2036">
    <p class='ocr_par' dir='ltr' id='par_1_3' title="bbox 580 900 2978 2036">
     <span class='ocr_line' id='line_1_3' title="bbox 668 900 2977 986; baseline 0.002 -22"><span class='ocrx_word' id='word_1_15' title='bbox 668 901 1039 966; x_wconf 89' lang='lat' dir='ltr'><strong>I.—Prob.:</strong></span> <span class='ocrx_word' id='word_1_16' title='bbox 1076 900 1188 982; x_wconf 93' lang='lat' dir='ltr'><strong>(a)</strong></span> <span class='ocrx_word' id='word_1_17' title='bbox 1224 901 1331 964; x_wconf 85' lang='lat' dir='ltr'><strong>Ex</strong></span> <span class='ocrx_word' id='word_1_18' title='bbox 1356 901 1681 983; x_wconf 76' lang='lat' dir='ltr'><strong>ipsissimo</strong></span> <span class='ocrx_word' id='word_1_19' title='bbox 1709 910 1892 966; x_wconf 78' lang='lat' dir='ltr'><strong>textu</strong></span> <span class='ocrx_word' id='word_1_20' title='bbox 1917 901 2315 979; x_wconf 87' lang='lat' dir='ltr'><strong>collationis;</strong></span> <span class='ocrx_word' id='word_1_21' title='bbox 2342 903 2396 967; x_wconf 89' lang='lat' dir='ltr'><strong>si</strong></span> <span class='ocrx_word' id='word_1_22' title='bbox 2425 903 2802 968; x_wconf 87' lang='lat' dir='ltr'><strong>remiseritis</strong></span> <span class='ocrx_word' id='word_1_23' title='bbox 2829 922 2977 986; x_wconf 87' lang='lat' dir='ltr'><strong>pec-</strong></span> 
     </span>
     <span class='ocr_line' id='line_1_4' title="bbox 582 1006 2978 1090; baseline 0 -18"><span class='ocrx_word' id='word_1_24' title='bbox 582 1016 747 1082; x_wconf 90' lang='lat' dir='ltr'><strong>cata,</strong></span> <span class='ocrx_word' id='word_1_25' title='bbox 773 1007 1225 1082; x_wconf 85' lang='lat' dir='ltr'><strong>remittuntur;</strong></span> <span class='ocrx_word' id='word_1_26' title='bbox 1250 1007 1304 1071; x_wconf 92' lang='lat' dir='ltr'><strong>si</strong></span> <span class='ocrx_word' id='word_1_27' title='bbox 1333 1007 1726 1072; x_wconf 85' lang='lat' dir='ltr'><strong>retinueritis</strong></span> <span class='ocrx_word' id='word_1_28' title='bbox 1750 1017 2034 1090; x_wconf 87' lang='lat' dir='ltr'><strong>peccata,</strong></span> <span class='ocrx_word' id='word_1_29' title='bbox 2063 1007 2439 1072; x_wconf 79' lang='lat' dir='ltr'><strong>retinentur.</strong></span> <span class='ocrx_word' id='word_1_30' title='bbox 2489 1007 2669 1090; x_wconf 79' lang='lat' dir='ltr'><strong>Quid</strong></span> <span class='ocrx_word' id='word_1_31' title='bbox 2695 1006 2978 1072; x_wconf 87' lang='lat' dir='ltr'><strong>clarius?</strong></span> 
     </span>
     <span class='ocr_line' id='line_1_5' title="bbox 588 1112 2975 1195; baseline -0 -18"><span class='ocrx_word' id='word_1_32' title='bbox 588 1112 837 1177; x_wconf 86' lang='lat' dir='ltr'><strong>Sufficit</strong></span> <span class='ocrx_word' id='word_1_33' title='bbox 874 1132 1030 1194; x_wconf 86' lang='lat' dir='ltr'><strong>ergo</strong></span> <span class='ocrx_word' id='word_1_34' title='bbox 1069 1113 1280 1195; x_wconf 86' lang='lat' dir='ltr'><strong>legere</strong></span> <span class='ocrx_word' id='word_1_35' title='bbox 1316 1122 1571 1176; x_wconf 86' lang='lat' dir='ltr'><strong>textum</strong></span> <span class='ocrx_word' id='word_1_36' title='bbox 1609 1112 1694 1176; x_wconf 91' lang='lat' dir='ltr'><strong>ad</strong></span> <span class='ocrx_word' id='word_1_37' title='bbox 1731 1112 2252 1194; x_wconf 88' lang='lat' dir='ltr'><strong>cognoscendum</strong></span> <span class='ocrx_word' id='word_1_38' title='bbox 2290 1112 2376 1176; x_wconf 90' lang='lat' dir='ltr'><strong>ibi</strong></span> <span class='ocrx_word' id='word_1_39' title='bbox 2416 1113 2522 1195; x_wconf 88' lang='lat' dir='ltr'><strong>agi</strong></span> <span class='ocrx_word' id='word_1_40' title='bbox 2560 1113 2643 1177; x_wconf 90' lang='lat' dir='ltr'><strong>de</strong></span> <span class='ocrx_word' id='word_1_41' title='bbox 2679 1133 2836 1177; x_wconf 88' lang='lat' dir='ltr'><strong>vera</strong></span> <span class='ocrx_word' id='word_1_42' title='bbox 2874 1132 2975 1176; x_wconf 90' lang='lat' dir='ltr'><strong>re-</strong></span> 
     </span>
     <span class='ocr_line' id='line_1_6' title="bbox 584 1217 2975 1299; baseline 0.001 -19"><span class='ocrx_word' id='word_1_43' title='bbox 584 1217 891 1282; x_wconf 86' lang='lat' dir='ltr'><strong>missione</strong></span> <span class='ocrx_word' id='word_1_44' title='bbox 937 1227 1369 1299; x_wconf 87' lang='lat' dir='ltr'><strong>peccatorum,</strong></span> <span class='ocrx_word' id='word_1_45' title='bbox 1416 1228 1480 1282; x_wconf 91' lang='lat' dir='ltr'><strong>et</strong></span> <span class='ocrx_word' id='word_1_46' title='bbox 1525 1237 1657 1282; x_wconf 90' lang='lat' dir='ltr'><strong>non</strong></span> <span class='ocrx_word' id='word_1_47' title='bbox 1704 1219 1787 1282; x_wconf 91' lang='lat' dir='ltr'><strong>de</strong></span> <span class='ocrx_word' id='word_1_48' title='bbox 1834 1217 2267 1283; x_wconf 83' lang='lat' dir='ltr'><strong>declaratione</strong></span> <span class='ocrx_word' id='word_1_49' title='bbox 2314 1229 2429 1283; x_wconf 88' lang='lat' dir='ltr'><strong>aut</strong></span> <span class='ocrx_word' id='word_1_50' title='bbox 2474 1218 2975 1284; x_wconf 82' lang='lat' dir='ltr'><strong>annunciatione</strong></span> 
     </span>
     <span class='ocr_line' id='line_1_7' title="bbox 585 1323 2975 1406; baseline 0.001 -21"><span class='ocrx_word' id='word_1_51' title='bbox 585 1323 984 1388; x_wconf 87' lang='lat' dir='ltr'><strong>remissionis</strong></span> <span class='ocrx_word' id='word_1_52' title='bbox 1021 1333 1293 1387; x_wconf 90' lang='lat' dir='ltr'><strong>tantum.</strong></span> <span class='ocrx_word' id='word_1_53' title='bbox 1378 1323 1662 1406; x_wconf 89' lang='lat' dir='ltr'><strong>Ideoque</strong></span> <span class='ocrx_word' id='word_1_54' title='bbox 1703 1325 2052 1406; x_wconf 89' lang='lat' dir='ltr'><strong>repetenda</strong></span> <span class='ocrx_word' id='word_1_55' title='bbox 2092 1334 2243 1390; x_wconf 89' lang='lat' dir='ltr'><strong>sunt</strong></span> <span class='ocrx_word' id='word_1_56' title='bbox 2283 1323 2593 1388; x_wconf 84' lang='lat' dir='ltr'><strong>Richardi</strong></span> <span class='ocrx_word' id='word_1_57' title='bbox 2631 1345 2672 1388; x_wconf 94' lang='lat' dir='ltr'><strong>a</strong></span> <span class='ocrx_word' id='word_1_58' title='bbox 2712 1323 2780 1389; x_wconf 90' lang='lat' dir='ltr'><strong>S.</strong></span> <span class='ocrx_word' id='word_1_59' title='bbox 2821 1323 2975 1388; x_wconf 84' lang='lat' dir='ltr'><strong>Vie-</strong></span> 
     </span>
     <span class='ocr_line' id='line_1_8' title="bbox 580 1429 2975 1512; baseline 0 -19"><span class='ocrx_word' id='word_1_60' title='bbox 580 1438 723 1493; x_wconf 87' lang='lat' dir='ltr'><strong>tore</strong></span> <span class='ocrx_word' id='word_1_61' title='bbox 758 1429 958 1493; x_wconf 88' lang='lat' dir='ltr'><strong>verba</strong></span> <span class='ocrx_word' id='word_1_62' title='bbox 996 1449 1192 1511; x_wconf 91' lang='lat' dir='ltr'><strong>supra</strong></span> <span class='ocrx_word' id='word_1_63' title='bbox 1231 1429 1466 1494; x_wconf 90' lang='lat' dir='ltr'><strong>relata:</strong></span> <span class='ocrx_word' id='word_1_64' title='bbox 1554 1429 1891 1511; x_wconf 85' lang='lat' dir='ltr'><strong>Numquid</strong></span> <span class='ocrx_word' id='word_1_65' title='bbox 1932 1429 2254 1494; x_wconf 89' lang='lat' dir='ltr'><strong>Dominus</strong></span> <span class='ocrx_word' id='word_1_66' title='bbox 2293 1429 2482 1495; x_wconf 89' lang='lat' dir='ltr'><strong>dicit:</strong></span> <span class='ocrx_word' id='word_1_67' title='bbox 2523 1430 2975 1512; x_wconf 88' lang='lat' dir='ltr'><strong>quodcumque</strong></span> 
     </span>
     <span class='ocr_line' id='line_1_9' title="bbox 584 1533 2976 1616; baseline 0.001 -21"><span class='ocrx_word' id='word_1_68' title='bbox 584 1533 852 1615; x_wconf 86' lang='lat' dir='ltr'><strong>ligatum</strong></span> <span class='ocrx_word' id='word_1_69' title='bbox 895 1534 1274 1610; x_wconf 77' lang='lat' dir='ltr'><strong>ostenderis,</strong></span> <span class='ocrx_word' id='word_1_70' title='bbox 1317 1533 1441 1599; x_wconf 90' lang='lat' dir='ltr'><strong>erit</strong></span> <span class='ocrx_word' id='word_1_71' title='bbox 1481 1534 1788 1616; x_wconf 85' lang='lat' dir='ltr'><strong>ligatum;</strong></span> <span class='ocrx_word' id='word_1_72' title='bbox 1829 1545 1894 1598; x_wconf 93' lang='lat' dir='ltr'><strong>et</strong></span> <span class='ocrx_word' id='word_1_73' title='bbox 1937 1534 2389 1616; x_wconf 90' lang='lat' dir='ltr'><strong>quodcumque</strong></span> <span class='ocrx_word' id='word_1_74' title='bbox 2431 1535 2715 1600; x_wconf 89' lang='lat' dir='ltr'><strong>solutum</strong></span> <span class='ocrx_word' id='word_1_75' title='bbox 2760 1543 2976 1600; x_wconf 81' lang='lat' dir='ltr'><strong>osten-</strong></span> 
     </span>
     <span class='ocr_line' id='line_1_10' title="bbox 583 1638 2974 1723; baseline 0.001 -22"><span class='ocrx_word' id='word_1_76' title='bbox 583 1638 777 1715; x_wconf 80' lang='lat' dir='ltr'><strong>deris,</strong></span> <span class='ocrx_word' id='word_1_77' title='bbox 817 1639 939 1702; x_wconf 91' lang='lat' dir='ltr'><strong>erit</strong></span> <span class='ocrx_word' id='word_1_78' title='bbox 979 1638 1307 1703; x_wconf 85' lang='lat' dir='ltr'><strong>solutum?</strong></span> <span class='ocrx_word' id='word_1_79' title='bbox 1386 1638 1611 1721; x_wconf 80' lang='lat' dir='ltr'><strong>Quare</strong></span> <span class='ocrx_word' id='word_1_80' title='bbox 1651 1639 1889 1704; x_wconf 89' lang='lat' dir='ltr'><strong>dicitur</strong></span> <span class='ocrx_word' id='word_1_81' title='bbox 1927 1639 2316 1722; x_wconf 89' lang='lat' dir='ltr'><strong>apostolicos</strong></span> <span class='ocrx_word' id='word_1_82' title='bbox 2354 1639 2532 1705; x_wconf 88' lang='lat' dir='ltr'><strong>viros</strong></span> <span class='ocrx_word' id='word_1_83' title='bbox 2570 1649 2835 1723; x_wconf 91' lang='lat' dir='ltr'><strong>peccata</strong></span> <span class='ocrx_word' id='word_1_84' title='bbox 2875 1660 2974 1704; x_wconf 87' lang='lat' dir='ltr'><strong>re-</strong></span> 
     </span>
     <span class='ocr_line' id='line_1_11' title="bbox 583 1743 2975 1827; baseline 0.001 -20"><span class='ocrx_word' id='word_1_85' title='bbox 583 1743 879 1807; x_wconf 89' lang='lat' dir='ltr'><strong>mittendi</strong></span> <span class='ocrx_word' id='word_1_86' title='bbox 922 1753 985 1808; x_wconf 91' lang='lat' dir='ltr'><strong>et</strong></span> <span class='ocrx_word' id='word_1_87' title='bbox 1027 1744 1343 1808; x_wconf 90' lang='lat' dir='ltr'><strong>retinendi</strong></span> <span class='ocrx_word' id='word_1_88' title='bbox 1386 1755 1773 1827; x_wconf 90' lang='lat' dir='ltr'><strong>potestatem</strong></span> <span class='ocrx_word' id='word_1_89' title='bbox 1817 1765 1948 1809; x_wconf 88' lang='lat' dir='ltr'><strong>non</strong></span> <span class='ocrx_word' id='word_1_90' title='bbox 1990 1745 2247 1821; x_wconf 88' lang='lat' dir='ltr'><strong>habere,</strong></span> <span class='ocrx_word' id='word_1_91' title='bbox 2291 1766 2441 1810; x_wconf 89' lang='lat' dir='ltr'><strong>cum</strong></span> <span class='ocrx_word' id='word_1_92' title='bbox 2485 1745 2807 1811; x_wconf 91' lang='lat' dir='ltr'><strong>Dominus</strong></span> <span class='ocrx_word' id='word_1_93' title='bbox 2851 1747 2975 1810; x_wconf 91' lang='lat' dir='ltr'><strong>hoc</strong></span> 
     </span>
     <span class='ocr_line' id='line_1_12' title="bbox 584 1848 2974 1934; baseline 0.001 -21"><span class='ocrx_word' id='word_1_94' title='bbox 584 1848 800 1914; x_wconf 86' lang='lat' dir='ltr'><strong>dicat?</strong></span> <span class='ocrx_word' id='word_1_95' title='bbox 870 1848 1023 1931; x_wconf 83' lang='lat' dir='ltr'><strong>Quo</strong></span> <span class='ocrx_word' id='word_1_96' title='bbox 1053 1850 1201 1931; x_wconf 89' lang='lat' dir='ltr'><strong>jure</strong></span> <span class='ocrx_word' id='word_1_97' title='bbox 1231 1850 1591 1914; x_wconf 86' lang='lat' dir='ltr'><strong>affirmatur</strong></span> <span class='ocrx_word' id='word_1_98' title='bbox 1620 1851 2010 1934; x_wconf 88' lang='lat' dir='ltr'><strong>apostolicos</strong></span> <span class='ocrx_word' id='word_1_99' title='bbox 2042 1851 2221 1928; x_wconf 85' lang='lat' dir='ltr'><strong>viros</strong></span> <span class='ocrx_word' id='word_1_100' title='bbox 2254 1852 2703 1916; x_wconf 80' lang='lat' dir='ltr'><strong>tantummodo</strong></span> <span class='ocrx_word' id='word_1_101' title='bbox 2737 1851 2974 1915; x_wconf 90' lang='lat' dir='ltr'><strong>habere</strong></span> 
     </span>
     <span class='ocr_line' id='line_1_13' title="bbox 580 1955 2558 2036; baseline 0.002 -18"><span class='ocrx_word' id='word_1_102' title='bbox 580 1963 967 2036; x_wconf 87' lang='lat' dir='ltr'><strong>potestatem</strong></span> <span class='ocrx_word' id='word_1_103' title='bbox 1010 1956 1411 2032; x_wconf 80' lang='lat' dir='ltr'><strong>ostendendi,</strong></span> <span class='ocrx_word' id='word_1_104' title='bbox 1450 1976 1600 2020; x_wconf 89' lang='lat' dir='ltr'><strong>cum</strong></span> <span class='ocrx_word' id='word_1_105' title='bbox 1642 1956 1965 2022; x_wconf 85' lang='lat' dir='ltr'><strong>Dominus</strong></span> <span class='ocrx_word' id='word_1_106' title='bbox 2005 1956 2129 2022; x_wconf 92' lang='lat' dir='ltr'><strong>hoc</strong></span> <span class='ocrx_word' id='word_1_107' title='bbox 2167 1977 2300 2021; x_wconf 89' lang='lat' dir='ltr'><strong>non</strong></span> <span class='ocrx_word' id='word_1_108' title='bbox 2341 1955 2558 2022; x_wconf 82' lang='lat' dir='ltr'><strong>dicat?</strong></span> 
     </span>
    </p>
   </div>
   <div class='ocr_carea' id='block_1_4' title="bbox 580 2098 2975 2602">
    <p class='ocr_par' dir='ltr' id='par_1_4' title="bbox 580 2098 2975 2602">
     <span class='ocr_line' id='line_1_14' title="bbox 666 2098 2973 2183; baseline 0.003 -23"><span class='ocrx_word' id='word_1_109' title='bbox 666 2098 891 2163; x_wconf 90' lang='lat' dir='ltr'><strong>Habes</strong></span> <span class='ocrx_word' id='word_1_110' title='bbox 949 2099 1185 2182; x_wconf 87' lang='lat' dir='ltr'><strong>itaque,</strong></span> <span class='ocrx_word' id='word_1_111' title='bbox 1244 2099 1464 2174; x_wconf 89' lang='lat' dir='ltr'><strong>lector,</strong></span> <span class='ocrx_word' id='word_1_112' title='bbox 1524 2099 1687 2164; x_wconf 88' lang='lat' dir='ltr'><strong>duas</strong></span> <span class='ocrx_word' id='word_1_113' title='bbox 1742 2109 1963 2182; x_wconf 88' lang='lat' dir='ltr'><strong>partes</strong></span> <span class='ocrx_word' id='word_1_114' title='bbox 2021 2099 2141 2164; x_wconf 90' lang='lat' dir='ltr'><strong>sibi</strong></span> <span class='ocrx_word' id='word_1_115' title='bbox 2203 2098 2478 2165; x_wconf 86' lang='lat' dir='ltr'><strong>invicem</strong></span> <span class='ocrx_word' id='word_1_116' title='bbox 2540 2111 2973 2183; x_wconf 87' lang='lat' dir='ltr'><strong>opponentes:</strong></span> 
     </span>
     <span class='ocr_line' id='line_1_15' title="bbox 580 2203 2975 2287; baseline 0.001 -21"><span class='ocrx_word' id='word_1_117' title='bbox 580 2203 1044 2286; x_wconf 89' lang='lat' dir='ltr'><strong>protestantica</strong></span> <span class='ocrx_word' id='word_1_118' title='bbox 1100 2224 1254 2286; x_wconf 89' lang='lat' dir='ltr'><strong>pars</strong></span> <span class='ocrx_word' id='word_1_119' title='bbox 1316 2214 1508 2286; x_wconf 81' lang='lat' dir='ltr'><strong>negat</strong></span> <span class='ocrx_word' id='word_1_120' title='bbox 1568 2203 1848 2268; x_wconf 87' lang='lat' dir='ltr'><strong>clavium</strong></span> <span class='ocrx_word' id='word_1_121' title='bbox 1909 2214 2296 2287; x_wconf 89' lang='lat' dir='ltr'><strong>potestatem</strong></span> <span class='ocrx_word' id='word_1_122' title='bbox 2355 2226 2509 2270; x_wconf 87' lang='lat' dir='ltr'><strong>vere</strong></span> <span class='ocrx_word' id='word_1_123' title='bbox 2571 2203 2975 2269; x_wconf 86' lang='lat' dir='ltr'><strong>remissivam</strong></span> 
     </span>
     <span class='ocr_line' id='line_1_16' title="bbox 584 2309 2974 2392; baseline 0 -19"><span class='ocrx_word' id='word_1_124' title='bbox 584 2330 725 2374; x_wconf 87' lang='lat' dir='ltr'><strong>esse</strong></span> <span class='ocrx_word' id='word_1_125' title='bbox 789 2309 1071 2392; x_wconf 83' lang='lat' dir='ltr'><strong>peccati3</strong></span> <span class='ocrx_word' id='word_1_126' title='bbox 1136 2330 1221 2373; x_wconf 86' lang='lat' dir='ltr'><strong>ex</strong></span> <span class='ocrx_word' id='word_1_127' title='bbox 1285 2311 1488 2373; x_wconf 87' lang='lat' dir='ltr'><strong>altera</strong></span> <span class='ocrx_word' id='word_1_128' title='bbox 1551 2319 1736 2392; x_wconf 86' lang='lat' dir='ltr'><strong>parte</strong></span> <span class='ocrx_word' id='word_1_129' title='bbox 1804 2309 2126 2374; x_wconf 88' lang='lat' dir='ltr'><strong>Dominus</strong></span> <span class='ocrx_word' id='word_1_130' title='bbox 2192 2309 2489 2374; x_wconf 85' lang='lat' dir='ltr'><strong>affirmat.</strong></span> <span class='ocrx_word' id='word_1_131' title='bbox 2603 2309 2724 2374; x_wconf 89' lang='lat' dir='ltr'><strong>Cui</strong></span> <span class='ocrx_word' id='word_1_132' title='bbox 2792 2309 2974 2385; x_wconf 75' lang='lat' dir='ltr'><strong>veliS,</strong></span> 
     </span>
     <span class='ocr_line' id='line_1_17' title="bbox 582 2414 2972 2497; baseline 0 -19"><span class='ocrx_word' id='word_1_133' title='bbox 582 2415 827 2479; x_wconf 89' lang='lat' dir='ltr'><strong>credas.</strong></span> <span class='ocrx_word' id='word_1_134' title='bbox 906 2414 1096 2479; x_wconf 89' lang='lat' dir='ltr'><strong>Sorte</strong></span> <span class='ocrx_word' id='word_1_135' title='bbox 1126 2425 1345 2479; x_wconf 89' lang='lat' dir='ltr'><strong>tamen</strong></span> <span class='ocrx_word' id='word_1_136' title='bbox 1376 2415 1717 2497; x_wconf 88' lang='lat' dir='ltr'><strong>inaequali,</strong></span> <span class='ocrx_word' id='word_1_137' title='bbox 1747 2415 1993 2489; x_wconf 79' lang='lat' dir='ltr'><strong>credeS,</strong></span> <span class='ocrx_word' id='word_1_138' title='bbox 2025 2415 2198 2480; x_wconf 87' lang='lat' dir='ltr'><strong>vitae</strong></span> <span class='ocrx_word' id='word_1_139' title='bbox 2228 2415 2332 2479; x_wconf 87' lang='lat' dir='ltr'><strong>vel</strong></span> <span class='ocrx_word' id='word_1_140' title='bbox 2363 2415 2681 2479; x_wconf 63' lang='lat' dir='ltr'><strong>interitus</strong></span> <span class='ocrx_word' id='word_1_141' title='bbox 2760 2415 2972 2492; x_wconf 87' lang='lat' dir='ltr'><strong>Vitae,</strong></span> 
     </span>
     <span class='ocr_line' id='line_1_18' title="bbox 583 2520 2520 2602; baseline 0 -18"><span class='ocrx_word' id='word_1_142' title='bbox 583 2520 636 2584; x_wconf 89' lang='lat' dir='ltr'><strong>si</strong></span> <span class='ocrx_word' id='word_1_143' title='bbox 678 2520 940 2585; x_wconf 91' lang='lat' dir='ltr'><strong>Christo</strong></span> <span class='ocrx_word' id='word_1_144' title='bbox 977 2520 1239 2596; x_wconf 89' lang='lat' dir='ltr'><strong>credas;</strong></span> <span class='ocrx_word' id='word_1_145' title='bbox 1278 2521 1596 2597; x_wconf 87' lang='lat' dir='ltr'><strong>interitus,</strong></span> <span class='ocrx_word' id='word_1_146' title='bbox 1636 2521 1688 2584; x_wconf 92' lang='lat' dir='ltr'><strong>si</strong></span> <span class='ocrx_word' id='word_1_147' title='bbox 1727 2520 2236 2602; x_wconf 88' lang='lat' dir='ltr'><strong>protestantibus</strong></span> <span class='ocrx_word' id='word_1_148' title='bbox 2273 2521 2520 2585; x_wconf 89' lang='lat' dir='ltr'><strong>credas.</strong></span> 
     </span>
    </p>
   </div>
   <div class='ocr_carea' id='block_1_5' title="bbox 575 2663 2972 3689">
    <p class='ocr_par' dir='ltr' id='par_1_5' title="bbox 575 2663 2972 3689">
     <span class='ocr_line' id='line_1_19' title="bbox 675 2663 2972 2749; baseline -0.001 -19"><span class='ocrx_word' id='word_1_149' title='bbox 675 2666 788 2748; x_wconf 91' lang='lat' dir='ltr'><strong>(b)</strong></span> <span class='ocrx_word' id='word_1_150' title='bbox 855 2667 1058 2749; x_wconf 88' lang='lat' dir='ltr'><strong>Juxta</strong></span> <span class='ocrx_word' id='word_1_151' title='bbox 1119 2685 1364 2739; x_wconf 90' lang='lat' dir='ltr'><strong>omnes,</strong></span> <span class='ocrx_word' id='word_1_152' title='bbox 1422 2673 1559 2728; x_wconf 90' lang='lat' dir='ltr'><strong>tam</strong></span> <span class='ocrx_word' id='word_1_153' title='bbox 1618 2663 1969 2728; x_wconf 87' lang='lat' dir='ltr'><strong>catholicos</strong></span> <span class='ocrx_word' id='word_1_154' title='bbox 2029 2684 2225 2745; x_wconf 90' lang='lat' dir='ltr'><strong>quam</strong></span> <span class='ocrx_word' id='word_1_155' title='bbox 2284 2663 2714 2740; x_wconf 78' lang='lat' dir='ltr'><strong>adversarioS,</strong></span> <span class='ocrx_word' id='word_1_156' title='bbox 2774 2665 2972 2729; x_wconf 87' lang='lat' dir='ltr'><strong>verba</strong></span> 
     </span>
     <span class='ocr_line' id='line_1_20' title="bbox 582 2768 2972 2852; baseline 0 -18"><span class='ocrx_word' id='word_1_157' title='bbox 582 2771 1109 2836; x_wconf 88' lang='lat' dir='ltr'><strong>“Remittuntur”</strong></span> <span class='ocrx_word' id='word_1_158' title='bbox 1153 2781 1218 2834; x_wconf 91' lang='lat' dir='ltr'><strong>et</strong></span> <span class='ocrx_word' id='word_1_159' title='bbox 1259 2770 1581 2834; x_wconf 87' lang='lat' dir='ltr'><strong>“Retenta</strong></span> <span class='ocrx_word' id='word_1_160' title='bbox 1623 2769 1820 2834; x_wconf 86' lang='lat' dir='ltr'><strong>sunt”</strong></span> <span class='ocrx_word' id='word_1_161' title='bbox 1860 2768 2225 2852; x_wconf 86' lang='lat' dir='ltr'><strong>significant</strong></span> <span class='ocrx_word' id='word_1_162' title='bbox 2265 2789 2490 2833; x_wconf 88' lang='lat' dir='ltr'><strong>veram</strong></span> <span class='ocrx_word' id='word_1_163' title='bbox 2531 2779 2596 2834; x_wconf 91' lang='lat' dir='ltr'><strong>et</strong></span> <span class='ocrx_word' id='word_1_164' title='bbox 2638 2769 2972 2852; x_wconf 86' lang='lat' dir='ltr'><strong>propriam</strong></span> 
     </span>
     <span class='ocr_line' id='line_1_21' title="bbox 582 2874 2971 2957; baseline -0.001 -18"><span class='ocrx_word' id='word_1_165' title='bbox 582 2877 1025 2941; x_wconf 89' lang='lat' dir='ltr'><strong>remissionem</strong></span> <span class='ocrx_word' id='word_1_166' title='bbox 1058 2897 1135 2940; x_wconf 88' lang='lat' dir='ltr'><strong>ac</strong></span> <span class='ocrx_word' id='word_1_167' title='bbox 1171 2876 1631 2951; x_wconf 88' lang='lat' dir='ltr'><strong>retentionem;</strong></span> <span class='ocrx_word' id='word_1_168' title='bbox 1664 2895 1842 2956; x_wconf 86' lang='lat' dir='ltr'><strong>crg0,</strong></span> <span class='ocrx_word' id='word_1_169' title='bbox 1874 2875 1940 2938; x_wconf 88' lang='lat' dir='ltr'><strong>vi</strong></span> <span class='ocrx_word' id='word_1_170' title='bbox 1975 2874 2410 2956; x_wconf 88' lang='lat' dir='ltr'><strong>parallelismi,</strong></span> <span class='ocrx_word' id='word_1_171' title='bbox 2444 2876 2739 2939; x_wconf 90' lang='lat' dir='ltr'><strong>eamdem</strong></span> <span class='ocrx_word' id='word_1_172' title='bbox 2774 2875 2971 2957; x_wconf 89' lang='lat' dir='ltr'><strong>signi-</strong></span> 
     </span>
     <span class='ocr_line' id='line_1_22' title="bbox 580 2979 2970 3046; baseline -0.001 -2"><span class='ocrx_word' id='word_1_173' title='bbox 580 2981 946 3046; x_wconf 89' lang='lat' dir='ltr'><strong>ficationem</strong></span> <span class='ocrx_word' id='word_1_174' title='bbox 990 2980 1228 3044; x_wconf 87' lang='lat' dir='ltr'><strong>habent</strong></span> <span class='ocrx_word' id='word_1_175' title='bbox 1272 2981 1470 3045; x_wconf 88' lang='lat' dir='ltr'><strong>verba</strong></span> <span class='ocrx_word' id='word_1_176' title='bbox 1515 2979 2005 3044; x_wconf 85' lang='lat' dir='ltr'><strong>“Remiseritis”</strong></span> <span class='ocrx_word' id='word_1_177' title='bbox 2050 2991 2114 3044; x_wconf 89' lang='lat' dir='ltr'><strong>et</strong></span> <span class='ocrx_word' id='word_1_178' title='bbox 2159 2979 2684 3044; x_wconf 86' lang='lat' dir='ltr'><strong>“Retinueritis”.</strong></span> <span class='ocrx_word' id='word_1_179' title='bbox 2775 2979 2970 3043; x_wconf 87' lang='lat' dir='ltr'><strong>Ratio</strong></span> 
     </span>
     <span class='ocr_line' id='line_1_23' title="bbox 580 3084 2970 3168; baseline -0.001 -19"><span class='ocrx_word' id='word_1_180' title='bbox 580 3096 696 3161; x_wconf 92' lang='lat' dir='ltr'><strong>est,</strong></span> <span class='ocrx_word' id='word_1_181' title='bbox 733 3086 886 3168; x_wconf 90' lang='lat' dir='ltr'><strong>quia</strong></span> <span class='ocrx_word' id='word_1_182' title='bbox 924 3085 1245 3150; x_wconf 91' lang='lat' dir='ltr'><strong>Dominus</strong></span> <span class='ocrx_word' id='word_1_183' title='bbox 1283 3087 1527 3149; x_wconf 88' lang='lat' dir='ltr'><strong>nullam</strong></span> <span class='ocrx_word' id='word_1_184' title='bbox 1564 3085 1964 3150; x_wconf 85' lang='lat' dir='ltr'><strong>additionem</strong></span> <span class='ocrx_word' id='word_1_185' title='bbox 2000 3086 2103 3149; x_wconf 89' lang='lat' dir='ltr'><strong>vel</strong></span> <span class='ocrx_word' id='word_1_186' title='bbox 2141 3085 2770 3150; x_wconf 86' lang='lat' dir='ltr'><strong>animadversionem</strong></span> <span class='ocrx_word' id='word_1_187' title='bbox 2812 3084 2970 3149; x_wconf 87' lang='lat' dir='ltr'><strong>fecit</strong></span> 
     </span>
     <span class='ocr_line' id='line_1_24' title="bbox 578 3189 2970 3273; baseline -0 -19"><span class='ocrx_word' id='word_1_188' title='bbox 578 3212 663 3254; x_wconf 84' lang='lat' dir='ltr'><strong>ex</strong></span> <span class='ocrx_word' id='word_1_189' title='bbox 718 3190 951 3273; x_wconf 90' lang='lat' dir='ltr'><strong>quibus</strong></span> <span class='ocrx_word' id='word_1_190' title='bbox 1010 3191 1240 3254; x_wconf 90' lang='lat' dir='ltr'><strong>deduci</strong></span> <span class='ocrx_word' id='word_1_191' title='bbox 1299 3200 1518 3273; x_wconf 89' lang='lat' dir='ltr'><strong>posset</strong></span> <span class='ocrx_word' id='word_1_192' title='bbox 1577 3190 1804 3254; x_wconf 88' lang='lat' dir='ltr'><strong>ultima</strong></span> <span class='ocrx_word' id='word_1_193' title='bbox 1860 3191 2058 3255; x_wconf 90' lang='lat' dir='ltr'><strong>citata</strong></span> <span class='ocrx_word' id='word_1_194' title='bbox 2112 3190 2311 3255; x_wconf 88' lang='lat' dir='ltr'><strong>verba</strong></span> <span class='ocrx_word' id='word_1_195' title='bbox 2366 3190 2496 3254; x_wconf 87' lang='lat' dir='ltr'><strong>alio</strong></span> <span class='ocrx_word' id='word_1_196' title='bbox 2555 3189 2970 3270; x_wconf 86' lang='lat' dir='ltr'><strong>intelligenda</strong></span> 
     </span>
     <span class='ocr_line' id='line_1_25' title="bbox 578 3295 2969 3378; baseline 0 -19"><span class='ocrx_word' id='word_1_197' title='bbox 578 3316 718 3361; x_wconf 89' lang='lat' dir='ltr'><strong>esse</strong></span> <span class='ocrx_word' id='word_1_198' title='bbox 756 3298 952 3360; x_wconf 91' lang='lat' dir='ltr'><strong>modo</strong></span> <span class='ocrx_word' id='word_1_199' title='bbox 992 3317 1187 3378; x_wconf 91' lang='lat' dir='ltr'><strong>quam</strong></span> <span class='ocrx_word' id='word_1_200' title='bbox 1224 3295 1463 3378; x_wconf 89' lang='lat' dir='ltr'><strong>priora.</strong></span> <span class='ocrx_word' id='word_1_201' title='bbox 1546 3295 1713 3361; x_wconf 90' lang='lat' dir='ltr'><strong>Cum</strong></span> <span class='ocrx_word' id='word_1_202' title='bbox 1753 3317 1910 3378; x_wconf 88' lang='lat' dir='ltr'><strong>ergo</strong></span> <span class='ocrx_word' id='word_1_203' title='bbox 1950 3296 2269 3360; x_wconf 88' lang='lat' dir='ltr'><strong>Dominus</strong></span> <span class='ocrx_word' id='word_1_204' title='bbox 2310 3296 2554 3360; x_wconf 90' lang='lat' dir='ltr'><strong>nullam</strong></span> <span class='ocrx_word' id='word_1_205' title='bbox 2595 3295 2969 3360; x_wconf 89' lang='lat' dir='ltr'><strong>ulteriorem</strong></span> 
     </span>
     <span class='ocr_line' id='line_1_26' title="bbox 577 3400 2969 3482; baseline -0 -18"><span class='ocrx_word' id='word_1_206' title='bbox 577 3402 1076 3466; x_wconf 89' lang='lat' dir='ltr'><strong>declarationem</strong></span> <span class='ocrx_word' id='word_1_207' title='bbox 1143 3401 1391 3477; x_wconf 80' lang='lat' dir='ltr'><strong>fecerit,</strong></span> <span class='ocrx_word' id='word_1_208' title='bbox 1452 3402 1624 3466; x_wconf 88' lang='lat' dir='ltr'><strong>clare</strong></span> <span class='ocrx_word' id='word_1_209' title='bbox 1684 3401 2027 3466; x_wconf 87' lang='lat' dir='ltr'><strong>deducitur</strong></span> <span class='ocrx_word' id='word_1_210' title='bbox 2090 3401 2443 3465; x_wconf 90' lang='lat' dir='ltr'><strong>Dominum</strong></span> <span class='ocrx_word' id='word_1_211' title='bbox 2506 3400 2790 3465; x_wconf 88' lang='lat' dir='ltr'><strong>voluisse</strong></span> <span class='ocrx_word' id='word_1_212' title='bbox 2850 3420 2969 3482; x_wconf 91' lang='lat' dir='ltr'><strong>per</strong></span> 
     </span>
     <span class='ocr_line' id='line_1_27' title="bbox 576 3506 2968 3590; baseline 0 -20"><span class='ocrx_word' id='word_1_213' title='bbox 576 3507 772 3571; x_wconf 88' lang='lat' dir='ltr'><strong>verba</strong></span> <span class='ocrx_word' id='word_1_214' title='bbox 808 3506 1296 3572; x_wconf 86' lang='lat' dir='ltr'><strong>“Remiseritis”</strong></span> <span class='ocrx_word' id='word_1_215' title='bbox 1332 3517 1395 3571; x_wconf 89' lang='lat' dir='ltr'><strong>et</strong></span> <span class='ocrx_word' id='word_1_216' title='bbox 1430 3506 1939 3571; x_wconf 87' lang='lat' dir='ltr'><strong>“Retinueritis”</strong></span> <span class='ocrx_word' id='word_1_217' title='bbox 1973 3507 2308 3589; x_wconf 88' lang='lat' dir='ltr'><strong>Apostolis</strong></span> <span class='ocrx_word' id='word_1_218' title='bbox 2343 3506 2649 3571; x_wconf 77' lang='lat' dir='ltr'><strong>conferre</strong></span> <span class='ocrx_word' id='word_1_219' title='bbox 2683 3515 2968 3590; x_wconf 82' lang='lat' dir='ltr'><strong>potesta-</strong></span> 
     </span>
     <span class='ocr_line' id='line_1_28' title="bbox 575 3612 2966 3689; baseline 0 -14"><span class='ocrx_word' id='word_1_220' title='bbox 575 3620 706 3676; x_wconf 90' lang='lat' dir='ltr'><strong>tem</strong></span> <span class='ocrx_word' id='word_1_221' title='bbox 760 3633 914 3676; x_wconf 88' lang='lat' dir='ltr'><strong>vere</strong></span> <span class='ocrx_word' id='word_1_222' title='bbox 971 3612 1394 3689; x_wconf 88' lang='lat' dir='ltr'><strong>remissivam,</strong></span> <span class='ocrx_word' id='word_1_223' title='bbox 1452 3622 1516 3676; x_wconf 91' lang='lat' dir='ltr'><strong>et</strong></span> <span class='ocrx_word' id='word_1_224' title='bbox 1572 3633 1704 3677; x_wconf 90' lang='lat' dir='ltr'><strong>non</strong></span> <span class='ocrx_word' id='word_1_225' title='bbox 1761 3622 2016 3676; x_wconf 88' lang='lat' dir='ltr'><strong>tantum</strong></span> <span class='ocrx_word' id='word_1_226' title='bbox 2074 3612 2531 3677; x_wconf 86' lang='lat' dir='ltr'><strong>declarativam</strong></span> <span class='ocrx_word' id='word_1_227' title='bbox 2588 3612 2693 3675; x_wconf 87' lang='lat' dir='ltr'><strong>vel</strong></span> <span class='ocrx_word' id='word_1_228' title='bbox 2749 3622 2966 3676; x_wconf 90' lang='lat' dir='ltr'><strong>osten-</strong></span> 
     </span>
    </p>
   </div>
   <div class='ocr_carea' id='block_1_6' title="bbox 574 3716 799 3782">
    <p class='ocr_par' dir='ltr' id='par_1_6' title="bbox 574 3716 799 3782">
     <span class='ocr_line' id='line_1_29' title="bbox 574 3716 799 3782; baseline 0 -1"><span class='ocrx_word' id='word_1_229' title='bbox 574 3716 799 3782; x_wconf 86' lang='lat' dir='ltr'><strong>sivam.</strong></span> 
     </span>
    </p>
   </div>
   <div class='ocr_carea' id='block_1_7' title="bbox 568 3840 2962 4766">
    <p class='ocr_par' dir='ltr' id='par_1_7' title="bbox 568 3840 2962 4766">
     <span class='ocr_line' id='line_1_30' title="bbox 667 3840 2962 3925; baseline -0.002 -17"><span class='ocrx_word' id='word_1_230' title='bbox 667 3843 775 3925; x_wconf 90' lang='lat' dir='ltr'><strong>(c)</strong></span> <span class='ocrx_word' id='word_1_231' title='bbox 834 3843 1149 3918; x_wconf 90' lang='lat' dir='ltr'><strong>Ulterius,</strong></span> <span class='ocrx_word' id='word_1_232' title='bbox 1200 3843 1254 3908; x_wconf 90' lang='lat' dir='ltr'><strong>si</strong></span> <span class='ocrx_word' id='word_1_233' title='bbox 1303 3843 1607 3908; x_wconf 89' lang='lat' dir='ltr'><strong>sacerdos</strong></span> <span class='ocrx_word' id='word_1_234' title='bbox 1656 3863 1789 3907; x_wconf 90' lang='lat' dir='ltr'><strong>non</strong></span> <span class='ocrx_word' id='word_1_235' title='bbox 1837 3842 2133 3918; x_wconf 86' lang='lat' dir='ltr'><strong>absolvit,</strong></span> <span class='ocrx_word' id='word_1_236' title='bbox 2185 3843 2299 3907; x_wconf 89' lang='lat' dir='ltr'><strong>sed</strong></span> <span class='ocrx_word' id='word_1_237' title='bbox 2347 3841 2800 3906; x_wconf 87' lang='lat' dir='ltr'><strong>tantummodo</strong></span> <span class='ocrx_word' id='word_1_238' title='bbox 2852 3840 2962 3904; x_wconf 92' lang='lat' dir='ltr'><strong>de-</strong></span> 
     </span>
     <span class='ocr_line' id='line_1_31' title="bbox 572 3945 2962 4030; baseline -0.001 -18"><span class='ocrx_word' id='word_1_239' title='bbox 572 3948 773 4013; x_wconf 88' lang='lat' dir='ltr'><strong>clarat</strong></span> <span class='ocrx_word' id='word_1_240' title='bbox 842 3958 1247 4030; x_wconf 89' lang='lat' dir='ltr'><strong>peccatorem</strong></span> <span class='ocrx_word' id='word_1_241' title='bbox 1316 3948 1683 4012; x_wconf 90' lang='lat' dir='ltr'><strong>absolutum</strong></span> <span class='ocrx_word' id='word_1_242' title='bbox 1736 3967 1916 4022; x_wconf 83' lang='lat' dir='ltr'><strong>esse,</strong></span> <span class='ocrx_word' id='word_1_243' title='bbox 1988 3957 2143 4011; x_wconf 90' lang='lat' dir='ltr'><strong>tunc</strong></span> <span class='ocrx_word' id='word_1_244' title='bbox 2212 3947 2568 4029; x_wconf 87' lang='lat' dir='ltr'><strong>peccatoris</strong></span> <span class='ocrx_word' id='word_1_245' title='bbox 2641 3945 2962 4010; x_wconf 90' lang='lat' dir='ltr'><strong>absolutio</strong></span> 
     </span>
     <span class='ocr_line' id='line_1_32' title="bbox 569 4050 2961 4135; baseline -0.001 -19"><span class='ocrx_word' id='word_1_246' title='bbox 569 4055 983 4135; x_wconf 75' lang='lat' dir='ltr'><strong>praecederet</strong></span> <span class='ocrx_word' id='word_1_247' title='bbox 1045 4053 1367 4118; x_wconf 89' lang='lat' dir='ltr'><strong>actionem</strong></span> <span class='ocrx_word' id='word_1_248' title='bbox 1431 4053 1804 4118; x_wconf 88' lang='lat' dir='ltr'><strong>sacerdotis.</strong></span> <span class='ocrx_word' id='word_1_249' title='bbox 1909 4052 2155 4135; x_wconf 85' lang='lat' dir='ltr'><strong>“Atqui</strong></span> <span class='ocrx_word' id='word_1_250' title='bbox 2218 4053 2417 4117; x_wconf 87' lang='lat' dir='ltr'><strong>verba</strong></span> <span class='ocrx_word' id='word_1_251' title='bbox 2482 4050 2725 4116; x_wconf 87' lang='lat' dir='ltr'><strong>Christi</strong></span> <span class='ocrx_word' id='word_1_252' title='bbox 2789 4050 2961 4114; x_wconf 88' lang='lat' dir='ltr'><strong>clare</strong></span> 
     </span>
     <span class='ocr_line' id='line_1_33' title="bbox 570 4156 2960 4240; baseline -0.001 -19"><span class='ocrx_word' id='word_1_253' title='bbox 570 4158 936 4240; x_wconf 88' lang='lat' dir='ltr'><strong>significant</strong></span> <span class='ocrx_word' id='word_1_254' title='bbox 1004 4159 1357 4223; x_wconf 89' lang='lat' dir='ltr'><strong>sacerdotis</strong></span> <span class='ocrx_word' id='word_1_255' title='bbox 1426 4158 1746 4223; x_wconf 89' lang='lat' dir='ltr'><strong>actionem</strong></span> <span class='ocrx_word' id='word_1_256' title='bbox 1814 4178 1955 4222; x_wconf 91' lang='lat' dir='ltr'><strong>esse</strong></span> <span class='ocrx_word' id='word_1_257' title='bbox 2019 4157 2308 4240; x_wconf 80' lang='lat' dir='ltr'><strong>priorem</strong></span> <span class='ocrx_word' id='word_1_258' title='bbox 2374 4157 2516 4239; x_wconf 88' lang='lat' dir='ltr'><strong>ipsa</strong></span> <span class='ocrx_word' id='word_1_259' title='bbox 2583 4156 2960 4219; x_wconf 91' lang='lat' dir='ltr'><strong>remissione</strong></span> 
     </span>
     <span class='ocr_line' id='line_1_34' title="bbox 568 4262 2961 4345; baseline -0.001 -18"><span class='ocrx_word' id='word_1_260' title='bbox 568 4274 965 4345; x_wconf 87' lang='lat' dir='ltr'><strong>pecatorum,</strong></span> <span class='ocrx_word' id='word_1_261' title='bbox 1020 4263 1501 4344; x_wconf 85' lang='lat' dir='ltr'><strong>Quaecumque,</strong></span> <span class='ocrx_word' id='word_1_262' title='bbox 1553 4263 1783 4344; x_wconf 89' lang='lat' dir='ltr'><strong>inquit,</strong></span> <span class='ocrx_word' id='word_1_263' title='bbox 1832 4262 2159 4328; x_wconf 82' lang='lat' dir='ltr'><strong>solveritis</strong></span> <span class='ocrx_word' id='word_1_264' title='bbox 2210 4272 2406 4343; x_wconf 83' lang='lat' dir='ltr'><strong>super</strong></span> <span class='ocrx_word' id='word_1_265' title='bbox 2460 4272 2719 4338; x_wconf 83' lang='lat' dir='ltr'><strong>terram,</strong></span> <span class='ocrx_word' id='word_1_266' title='bbox 2772 4268 2961 4325; x_wconf 74' lang='lat' dir='ltr'><strong>erunt</strong></span> 
     </span>
     <span class='ocr_line' id='line_1_35' title="bbox 568 4364 2960 4448; baseline -0.003 -15"><span class='ocrx_word' id='word_1_267' title='bbox 568 4370 783 4433; x_wconf 77' lang='lat' dir='ltr'><strong>soluta</strong></span> <span class='ocrx_word' id='word_1_268' title='bbox 826 4378 890 4433; x_wconf 77' lang='lat' dir='ltr'><strong>et</strong></span> <span class='ocrx_word' id='word_1_269' title='bbox 928 4369 999 4432; x_wconf 77' lang='lat' dir='ltr'><strong>iu</strong></span> <span class='ocrx_word' id='word_1_270' title='bbox 1046 4369 1256 4434; x_wconf 83' lang='lat' dir='ltr'><strong>caelis.</strong></span> <span class='ocrx_word' id='word_1_271' title='bbox 1347 4370 1546 4433; x_wconf 88' lang='lat' dir='ltr'><strong>Item:</strong></span> <span class='ocrx_word' id='word_1_272' title='bbox 1640 4368 1939 4446; x_wconf 85' lang='lat' dir='ltr'><strong>Quorum</strong></span> <span class='ocrx_word' id='word_1_273' title='bbox 1984 4367 2365 4433; x_wconf 69' lang='lat' dir='ltr'><strong>remiseritis</strong></span> <span class='ocrx_word' id='word_1_274' title='bbox 2409 4375 2692 4448; x_wconf 79' lang='lat' dir='ltr'><strong>peccata,</strong></span> <span class='ocrx_word' id='word_1_275' title='bbox 2737 4364 2960 4430; x_wconf 79' lang='lat' dir='ltr'><strong>remit-</strong></span> 
     </span>
     <span class='ocr_line' id='line_1_36' title="bbox 571 4471 2958 4556; baseline -0.001 -21"><span class='ocrx_word' id='word_1_276' title='bbox 571 4481 796 4537; x_wconf 77' lang='lat' dir='ltr'><strong>tuntur</strong></span> <span class='ocrx_word' id='word_1_277' title='bbox 832 4474 945 4550; x_wconf 82' lang='lat' dir='ltr'><strong>eis,</strong></span> <span class='ocrx_word' id='word_1_278' title='bbox 980 4494 1129 4538; x_wconf 88' lang='lat' dir='ltr'><strong>cum</strong></span> <span class='ocrx_word' id='word_1_279' title='bbox 1165 4475 1405 4555; x_wconf 90' lang='lat' dir='ltr'><strong>alioqui</strong></span> <span class='ocrx_word' id='word_1_280' title='bbox 1442 4474 1660 4556; x_wconf 88' lang='lat' dir='ltr'><strong>potius</strong></span> <span class='ocrx_word' id='word_1_281' title='bbox 1699 4474 2045 4538; x_wconf 91' lang='lat' dir='ltr'><strong>dicendum</strong></span> <span class='ocrx_word' id='word_1_282' title='bbox 2087 4473 2354 4538; x_wconf 86' lang='lat' dir='ltr'><strong>fuisset:</strong></span> <span class='ocrx_word' id='word_1_283' title='bbox 2439 4471 2718 4537; x_wconf 84' lang='lat' dir='ltr'><strong>solvetis</strong></span> <span class='ocrx_word' id='word_1_284' title='bbox 2756 4481 2820 4536; x_wconf 90' lang='lat' dir='ltr'><strong>et</strong></span> <span class='ocrx_word' id='word_1_285' title='bbox 2860 4490 2958 4534; x_wconf 90' lang='lat' dir='ltr'><strong>re-</strong></span> 
     </span>
     <span class='ocr_line' id='line_1_37' title="bbox 568 4569 2956 4661; baseline -0.001 -20"><span class='ocrx_word' id='word_1_286' title='bbox 568 4578 854 4643; x_wconf 90' lang='lat' dir='ltr'><strong>tinebitis</strong></span> <span class='ocrx_word' id='word_1_287' title='bbox 892 4579 959 4640; x_wconf 88' lang='lat' dir='ltr'><strong>in</strong></span> <span class='ocrx_word' id='word_1_288' title='bbox 994 4589 1189 4654; x_wconf 91' lang='lat' dir='ltr'><strong>terra,</strong></span> <span class='ocrx_word' id='word_1_289' title='bbox 1224 4569 1390 4660; x_wconf 90' lang='lat' dir='ltr'><strong>quae</strong></span> <span class='ocrx_word' id='word_1_290' title='bbox 1426 4579 1563 4661; x_wconf 86' lang='lat' dir='ltr'><strong>jam</strong></span> <span class='ocrx_word' id='word_1_291' title='bbox 1600 4588 1748 4644; x_wconf 81' lang='lat' dir='ltr'><strong>ante</strong></span> <span class='ocrx_word' id='word_1_292' title='bbox 1789 4577 2002 4643; x_wconf 88' lang='lat' dir='ltr'><strong>soluta</strong></span> <span class='ocrx_word' id='word_1_293' title='bbox 2040 4589 2191 4643; x_wconf 89' lang='lat' dir='ltr'><strong>sunt</strong></span> <span class='ocrx_word' id='word_1_294' title='bbox 2227 4589 2292 4643; x_wconf 91' lang='lat' dir='ltr'><strong>et</strong></span> <span class='ocrx_word' id='word_1_295' title='bbox 2330 4577 2600 4640; x_wconf 88' lang='lat' dir='ltr'><strong>remissa</strong></span> <span class='ocrx_word' id='word_1_296' title='bbox 2639 4577 2706 4639; x_wconf 89' lang='lat' dir='ltr'><strong>in</strong></span> <span class='ocrx_word' id='word_1_297' title='bbox 2743 4575 2956 4639; x_wconf 88' lang='lat' dir='ltr'><strong>caelis.</strong></span> 
     </span>
     <span class='ocr_line' id='line_1_38' title="bbox 568 4681 2957 4766; baseline -0.002 -18"><span class='ocrx_word' id='word_1_298' title='bbox 568 4681 700 4766; x_wconf 78' lang='lat' dir='ltr'><strong>Qui</strong></span> <span class='ocrx_word' id='word_1_299' title='bbox 751 4682 985 4756; x_wconf 85' lang='lat' dir='ltr'><strong>modus</strong></span> <span class='ocrx_word' id='word_1_300' title='bbox 1033 4683 1335 4764; x_wconf 88' lang='lat' dir='ltr'><strong>loquendi</strong></span> <span class='ocrx_word' id='word_1_301' title='bbox 1382 4704 1652 4766; x_wconf 91' lang='lat' dir='ltr'><strong>prorsus</strong></span> <span class='ocrx_word' id='word_1_302' title='bbox 1699 4684 1951 4748; x_wconf 89' lang='lat' dir='ltr'><strong>alienus</strong></span> <span class='ocrx_word' id='word_1_303' title='bbox 1999 4694 2098 4750; x_wconf 90' lang='lat' dir='ltr'><strong>est</strong></span> <span class='ocrx_word' id='word_1_304' title='bbox 2143 4705 2184 4748; x_wconf 94' lang='lat' dir='ltr'><strong>a</strong></span> <span class='ocrx_word' id='word_1_305' title='bbox 2229 4694 2444 4747; x_wconf 90' lang='lat' dir='ltr'><strong>mente</strong></span> <span class='ocrx_word' id='word_1_306' title='bbox 2491 4681 2782 4745; x_wconf 90' lang='lat' dir='ltr'><strong>omnium</strong></span> <span class='ocrx_word' id='word_1_307' title='bbox 2832 4681 2957 4743; x_wconf 88' lang='lat' dir='ltr'><strong>Pa—</strong></span> 
     </span>
    </p>
   </div>
  </div>
 </body>
</html>
