3509 5267
815 526 916 589 De
956 525 1254 589 Cluvium
1288 525 1641 613 Potestatis
1676 525 2049 590 Existentia
2081 526 2299 607 Atque
2335 528 2612 593 Natura.
2832 530 2916 593 35

522 706 764 771 menti”
824 707 1288 784 Poenitentiae,
1343 707 1703 772 concludit:
1805 708 2027 791 “Ergo
2084 710 2313 774 saltem
2374 709 2551 775 Scoti
2609 711 2911 793 loquendi

522 812 754 876 modus
790 822 888 875 est
921 812 1363 893 corrigendus,
1400 832 1608 894 neque
1643 812 1921 895 amplius
1958 813 2302 877 dicendum
2338 825 2436 879 est
2473 824 2657 879 actus
2690 815 2913 897 poeni-

521 916 716 981 tentis
756 916 934 980 nullo
973 916 1170 979 modo
1206 936 1348 995 esse
1386 926 1604 997 partes
1645 916 2259 981 sacramenti''.—In
2298 918 2526 1001 primis
2568 918 2913 984 dicendum
3008 992 3011 997 ,

523 1030 623 1084 est
669 1019 865 1083 Cone.
911 1020 1094 1084 Trid.
1141 1040 1274 1083 non
1320 1019 1672 1084 intendisse
1719 1020 2131 1102 quaestiones
2179 1022 2593 1087 scholasticas
2642 1025 2911 1098 solvere,

521 1123 636 1188 sed
675 1123 1016 1188 veritatem
1053 1123 1436 1188 catholicam
1475 1122 1831 1187 defendere
1870 1145 1947 1188 ac
1988 1123 2258 1189 definire
2298 1134 2524 1189 contra
2566 1125 2913 1190 Reforma-

519 1236 716 1291 tores,
808 1228 957 1291 Hoc
1000 1227 1082 1291 ab
1128 1228 1428 1291 omnibus
1473 1227 1858 1304 admittitur,
1906 1229 2020 1292 sed
2067 1229 2134 1291 in
2178 1229 2369 1311 praxi
2416 1229 2784 1310 aliquande,
2831 1250 2912 1293 ne

519 1331 733 1394 dicam
771 1331 1166 1413 saepissime,
1203 1330 1510 1395 oblivioni
1547 1331 1849 1406 traditur,
1886 1342 1950 1395 et
1987 1332 2330 1397 indiscrete
2368 1333 2650 1397 citantur
2692 1333 2910 1397 Sancti

526 1434 796 1499 Concilii
836 1435 1034 1499 verba
1072 1455 1194 1517 pro
1234 1435 1356 1500 hac
1394 1436 1496 1499 vel
1535 1455 1657 1517 pro
1697 1435 1808 1499 illa
1847 1435 2169 1518 opinione.
2254 1436 2453 1517 Quod
2493 1437 2758 1500 minime
2800 1458 2913 1519 ap-

517 1539 928 1621 probandum
971 1549 1089 1614 est,
1136 1558 1253 1603 nec
1297 1539 2357 1615 commendandum—Praeterea,
2404 1542 2697 1621 quaestio
2744 1541 2913 1604 inter

525 1642 958 1707 Scholasticos
1002 1662 1134 1707 non
1177 1652 1296 1717 est,
1342 1652 1562 1708 utrum
1607 1643 1986 1724 hujusmodi
2032 1654 2213 1708 actus
2262 1645 2392 1708 sint
2433 1646 2728 1727 partes⁶⁰,
2778 1645 2911 1719 sed,

517 1756 741 1811 utrum
780 1746 925 1811 illae
960 1757 1179 1829 partes
1216 1748 1346 1811 sint
1381 1756 1600 1829 partes
1635 1748 1702 1810 in
1738 1757 1939 1823 recta,
1976 1768 2062 1811 an
2100 1756 2353 1811 tantum
2390 1757 2609 1830 partes
2644 1747 2711 1811 in
2752 1748 2911 1812 obti-

521 1872 669 1931 quo,
757 1850 927 1915 Aliis
972 1851 1221 1915 verbis:
1310 1861 1532 1915 utrum
1577 1851 1958 1931 hujusmodi
2005 1861 2223 1933 partes
2268 1853 2633 1934 pertineant
2680 1852 2765 1915 ad
2811 1872 2911 1915 es-

521 1955 795 2018 sentiam
855 1953 1239 2019 sacramenti
1301 1955 1766 2030 Poenitentiae,
1825 1976 1911 2019 an
1970 1965 2224 2019 tantum
2284 1955 2412 2019 sint
2471 1965 2689 2037 partes
2749 1954 2912 2017 inte-

516 2060 750 2141 grales,
850 2058 1178 2123 Audiatur
1235 2059 1401 2122 Ven.
1461 2058 1694 2123 Scotus
1753 2060 2021 2144 loquens
2080 2060 2160 2123 de
2216 2060 2463 2123 actibus
2520 2059 2942 2141 poenitentis·

519 2172 851 2244 tamquam
904 2163 984 2227 de
1034 2162 1326 2245 partibus
1382 2163 1845 2239 Poenitentiae,
1898 2163 2054 2226 dum
2106 2164 2240 2245 agit
2291 2164 2372 2227 de
2425 2163 2905 2227 satisfactione:

517 2265 866 2331 “Secundo
893 2267 1089 2330 modo
1119 2267 1434 2331 sumendo
1464 2267 1979 2331 satisfactionem
2011 2268 2231 2331 stricte
2273 2266 2389 2347 (de
2420 2287 2495 2331 ea
2528 2268 2779 2330 locutus
2812 2277 2911 2330 est

519 2370 682 2445 late3
715 2380 778 2433 et
810 2369 914 2433 hic
945 2380 1042 2433 est
1074 2370 1324 2452 primus
1358 2369 1652 2433 sumendi
1687 2369 1920 2433 modus
1956 2368 2536 2449 satisfactionem),
2571 2379 2765 2450 prout
2800 2389 2907 2443 sc„

519 2470 940 2553 distinguitur
981 2481 1207 2536 contra
1249 2472 1410 2537 alias
1451 2472 1817 2536 PARTES
1858 2470 2311 2553 poenitentiae,
2359 2471 2413 2535 C
2418 2471 2550 2535 ΟΝ
2552 2470 2812 2534 FESSI
2817 2470 2908 2535 O-

515 2575 731 2639 NEM
758 2597 843 2640 sc.
872 2586 936 2640 et
961 2576 1020 2640 C
1023 2576 1156 2641 ΟΝ
1163 2576 1317 2639 TRI
1325 2576 1415 2639 TI
1421 2576 1553 2641 ΟΝ
1555 2576 1714 2653 EM,
1743 2596 1909 2663 quae
1935 2575 2141 2656 magis
2172 2574 2585 2639 satisfaciunt
2612 2595 2733 2656 pro
2762 2594 2910 2657 pec·
2936 2614 2941 2621 -

521 2688 686 2759 cato,
725 2699 920 2760 quam
960 2678 1100 2760 ipsa
1137 2678 1589 2743 SATJSFAC
1595 2678 1687 2740 TI
1692 2678 1774 2755 O,
1814 2687 2007 2759 prout
2047 2686 2143 2742 est
2184 2676 2373 2741 tertia
2408 2677 2651 2741 PARS
2688 2676 2910 2759 poeni-

519 2771 778 2859 tentiae,
813 2783 960 2846 dico
1005 2833 1020 2846 .
1068 2832 1083 2847 .
1131 2833 1145 2847 .
1194 2781 1326 2846 ,⁹⁹⁷0.

607 2886 761 2949 Non
814 2907 970 2967 ergo
1025 2886 1208 2950 adest
1261 2886 1604 2951 difficultas
1657 2887 1793 2950 ulla
1846 2886 2061 2968 quoad
2116 2884 2387 2949 verbum
2444 2883 2699 2967 “pars'’
2779 2882 2910 2947 Sed

517 2999 700 3054 estne
734 3011 887 3072 pars
924 2990 1303 3065 essentialis,
1341 3010 1426 3054 an
1460 3010 1614 3072 pars
1653 2989 2029 3071 integralis?
2109 2990 2210 3054 De
2247 2990 2367 3053 hac
2403 2988 2739 3071 questione
2778 3007 2909 3051 non

519 3103 790 3158 constat.
885 3094 971 3157 Et
1022 3094 1312 3158 Ecclesia
1361 3094 1588 3158 nolens
1638 3093 1993 3175 quidquam
2045 3093 2257 3157 adhuc
2307 3091 2598 3167 definire,
2648 3090 2909 3155 adhibet

518 3198 808 3280 phrasim
865 3198 1040 3261 illam
1093 3197 1682 3280 “quasi-materia''.
1784 3198 2101 3261 Remanet
2153 3217 2309 3278 ergo
2363 3196 2563 3260 libera
2615 3195 2909 3276 quaestio

522 3302 650 3377 illa,
702 3302 974 3383 ideoque
1026 3302 1165 3366 sine
1215 3302 1348 3365 ulla
1397 3302 1758 3383 theologica
1811 3322 2105 3375 censura,
2158 3300 2536 3364 Thomistae
2590 3298 2910 3363 sustinere

518 3416 792 3487 possunt
819 3416 1002 3469 actus
1029 3404 1421 3487 poenitentis
1449 3426 1590 3470 esse
1619 3415 1837 3487 partes
1868 3404 2259 3479 essentiales,
2292 3414 2356 3467 et
2388 3402 2707 3468 Scotistae
2738 3411 2909 3466 stare

519 3520 792 3590 possunt
830 3530 953 3591 pro
991 3511 1193 3573 altera
1231 3519 1436 3591 parte,
1478 3531 1586 3584 sc„
1631 3508 1949 3573 sustinere
1989 3518 2263 3590 possunt
2305 3506 2683 3589 hujusmodi
2727 3515 2909 3570 actus

517 3633 664 3677 esse
700 3623 918 3695 partes
958 3612 1378 3695 integrales'ss.
1462 3613 1549 3677 Et
1588 3614 2032 3694 unusquisque
2074 3612 2141 3675 in
2181 3632 2301 3676 suo
2344 3596 2539 3675 sensu
2580 3609 2910 3674 abundare

517 3726 754 3797 potest,
801 3717 1006 3781 donec
1057 3717 1346 3781 Ecclesia
1393 3716 1722 3781 definitive
1775 3716 2453 3798 loquatur.—Interim
2504 3713 2911 3777 animadver-

518 3820 788 3883 tendum
824 3830 921 3885 est
955 3821 1063 3884 illa
1098 3822 1297 3885 verba
1332 3820 1496 3886 Ven.
1535 3820 1734 3897 Scoti,
1770 3820 1989 3885 “nullo
2025 3820 2221 3884 modo
2256 3828 2475 3902 partes
2522 3818 2709 3899 (sunt
2747 3817 2911 3879 Poe-

605 3993 660 4049 09
680 3995 1021 4061 “Utriusque
1059 3996 1281 4051 scholae
1317 3996 1563 4062 theologi
1607 3994 1939 4061 (thomistae
1977 4004 2031 4050 et
2069 3992 2535 4059 scotistae),—ait
2574 3994 2912 4056 Perrone,—-

518 4063 825 4119 admittunt
853 4075 967 4120 tres
996 4083 1118 4119 esse
1145 4066 1318 4131 hujus
1349 4065 1681 4121 sacramenti
1710 4066 1935 4132 partes2'
1974 4064 2093 4129 (De
2123 4063 2357 4128 Poenit.,
2389 4079 2505 4127 cap.
2536 4062 2607 4126 V,
2638 4079 2763 4127 pag.
2793 4060 2909 4125 372,

519 4131 651 4187 edit.
691 4132 902 4199 Migne,
937 4151 989 4188 a.
1030 4134 1214 4197 1864).

604 4207 662 4246 ⁷⁰
682 4209 909 4276 Report.
955 4210 1135 4274 PariS,
1181 4210 1270 4264 lib.
1313 4210 1362 4273 4,
1407 4208 1458 4263 d.
1504 4210 1580 4273 15,
1621 4228 1672 4275 q.
1719 4211 1765 4273 1,
1808 4228 1861 4263 n.
1909 4209 1985 4262 11.

605 4283 659 4322 ⁷¹
681 4286 804 4341 cfr.
841 4286 1013 4351 Gotti,
1049 4286 1118 4341 O.
1155 4286 1234 4351 P.,
1271 4285 1455 4351 Card.,
1493 4287 1684 4341 Theoi.
1721 4286 2164 4351 Schol.-D09m.,
2197 4284 2469 4348 VenetiiS,
2506 4302 2554 4339 a.
2595 4284 2739 4348 1763,
2774 4292 2907 4338 tom.

517 4354 569 4418 3,
608 4371 732 4420 pag.
779 4355 1022 4420 167,·ubi
1064 4355 1199 4410 dicit
1237 4354 1389 4420 quod
1429 4373 1502 4409 ex
1543 4355 1635 4410 “S.
1677 4355 1931 4409 Thomae
1973 4353 2229 4409 doctrina
2270 4362 2516 4419 apparet,
2556 4352 2708 4418 quod
2751 4362 2908 4407 actus

520 4424 872 4487 poenitentis,
908 4440 1120 4488 nempe,
1158 4423 1320 4477 dolor
1353 4433 1409 4479 et
1442 4423 1745 4486 confessi0,
1784 4432 1928 4486 sunt,
1964 4440 2077 4476 non
2116 4423 2295 4476 solum
2334 4422 2403 4476 de
2438 4422 2773 4487 integritate,
2810 4420 2910 4475 sed

509 4491 586 4545 de
611 4491 850 4546 essentia
878 4492 1049 4556 hujus
1078 4491 1412 4547 sacramenti
1450 4491 1922 4557 (Poenitentiae),
1949 4501 2238 4556 tamquam
2264 4508 2336 4545 ex
2363 4490 2564 4556 quibus
2593 4489 2701 4545 hoc
2730 4507 2915 4545 sacra·
2986 4534 2993 4539 .

517 4568 771 4612 mentum
812 4559 1180 4614 materialiter
1222 4559 1597 4623 constituitur,
1642 4558 1786 4614 sicut
1828 4559 2136 4623 baptismus
2180 4576 2251 4611 ex
2296 4558 2607 4619 ablutione;
2652 4557 2910 4621 quamvis

518 4627 1166 4750 paffiffiiffirngmcotistae
1209 4627 1498 4692 sentiant”,
1545 4627 1579 4682 i.
1623 4644 1686 4692 e.,
1731 4627 1978 4682 sentiunt
2022 4635 2179 4682 actus
2222 4626 2351 4681 illos
2394 4643 2519 4681 esse
2562 4623 2635 4679 ad
2678 4624 2910 4691 integri-
