3509 5267
918 533 1019 595 De
1058 531 1356 595 Cluvium
1390 530 1744 594 Potestatis
1779 530 2150 593 Existentia
2184 531 2401 611 Atque
2436 531 2715 597 Natura.
2933 535 3011 599 13

622 716 928 798 proponit
978 717 1145 780 hanc
1196 714 1633 796 questionem:
1731 713 1975 778 Utrum
2028 715 2424 796 poenitentia
2476 716 2559 781 sit
2609 717 2819 781 virtus
2872 737 3015 798 spe-

622 817 847 882 cialis?
903 838 1173 899 eamque
1229 817 1426 881 modo
1481 816 1869 881 affirmativo
1927 817 2152 881 solvit:
2254 817 2471 900 “Quia
2538 818 3003 901 (poenitentia)

625 920 884 1003 respicit
946 919 1382 1002 (peccatum),
1433 929 1506 983 ut
1557 919 1800 981 malum
1852 920 2190 1001 proprium
2241 931 2467 985 contra
2521 922 2734 986 Deum
2784 942 3013 1004 perpe-

622 1035 884 1100 tratum,
915 1035 978 1088 et
1007 1032 1224 1087 actum
1254 1022 1425 1087 elicit
1457 1022 1819 1103 specialem,
1848 1023 2337 1089 convenientius
2370 1024 2642 1090 dicenda
2673 1036 2772 1090 est
2804 1026 3012 1091 virtus

623 1127 1040 1209 specialis'’²⁰.
1135 1126 1222 1190 Et
1273 1127 1439 1189 hanc
1487 1126 1859 1207 opinionem
1909 1127 2193 1208 amplexi
2246 1138 2396 1191 sunt
2445 1128 2641 1192 ceteri
2695 1130 3012 1195 Doctores

619 1231 971 1313 praecipui,
1011 1241 1084 1294 ut
1125 1230 1342 1294 statim
1383 1230 1725 1294 videbitur.

703 1334 1059 1415 Seraphico
1113 1334 1406 1408 Doctori,
1460 1334 1905 1414 quaestionem
1960 1333 2393 1416 investiganti,
2452 1334 2736 1399 “Utrum
2790 1336 3013 1417 poeni-

619 1439 822 1502 tentia
854 1438 936 1502 sit
966 1438 1176 1502 virtus
1209 1437 1546 1519 generalis,
1578 1458 1663 1501 an
1697 1436 2056 1519 specialis”,
2089 1458 2222 1501 non
2252 1439 2462 1519 placet
2492 1438 2731 1521 positio
2764 1459 3011 1514 eorum,

621 1542 730 1623 qui
771 1542 1156 1606 “voluerunt
1195 1542 1429 1616 dicere,
1467 1541 1643 1622 quod
1680 1551 1780 1605 est
1818 1540 2026 1605 virtus
2063 1541 2403 1624 generalis,
2442 1552 2506 1606 et
2546 1552 2644 1606 est
2680 1562 2833 1623 pars
2873 1542 3011 1623 jus-

618 1646 799 1709 titiae
836 1644 1174 1726 generaliS,
1211 1644 1404 1726 cujus
1441 1654 1539 1709 est
1579 1644 1797 1708 facere
1832 1644 2075 1709 bonum
2115 1656 2178 1709 et
2218 1645 2540 1709 declinare
2576 1666 2616 1709 a
2653 1646 2824 1709 malo
2870 1696 2885 1710 .
2933 1696 2947 1711 .
2995 1696 3009 1710 .

620 1746 815 1828 Quia,
835 1746 1401 1829 etsi-poenitentia
1436 1748 1696 1828 respicit
1730 1748 1974 1811 malum
2010 1748 2077 1811 in
2112 1748 2459 1823 communi,
2496 1759 2714 1812 tamen
2751 1749 3010 1830 respicit

619 1851 740 1915 sub
773 1852 1039 1933 propria
1075 1851 1325 1915 ratione
1361 1862 1424 1914 et
1459 1850 1651 1915 habet
1686 1861 1904 1922 actum
1942 1851 2304 1932 specialem,
2341 1853 2451 1933 qui
2489 1852 2734 1933 indiget
2770 1852 3010 1917 virtute

621 1975 752 2018 non
794 1964 1048 2018 tantum
1091 1954 1544 2036 praecipiente,
1592 1955 1705 2019 sed
1749 1955 2079 2030 aliciente;
2125 1966 2217 2030 ut,
2266 1955 2430 2019 sicut
2476 1956 2573 2019 ira
2616 1975 2735 2038 per
2780 1956 3008 2029 zelum,

619 2078 783 2140 quae
823 2058 1181 2123 detestatur
1223 2078 1414 2122 omne
1453 2069 1790 2139 peccatum
1831 2059 1899 2121 in
1937 2058 2262 2139 proxim0,
2304 2068 2402 2123 est
2444 2058 2739 2141 specialis
2778 2058 3007 2133 virtuS,

618 2162 770 2243 quia
804 2162 1064 2244 respicit
1097 2162 1256 2225 illud
1291 2163 1410 2225 sub
1444 2162 1693 2225 ratione
1727 2162 1905 2242 digni
1938 2182 2183 2243 poena;
2218 2173 2282 2225 et
2316 2162 2679 2226 obedientia
2715 2162 3008 2245 specialis

618 2266 848 2340 virtuS,
885 2266 1037 2347 quia
1077 2266 1336 2347 respicit
1375 2266 1827 2346 exequendum
1868 2266 1987 2330 sub
2028 2265 2277 2330 ratione
2317 2266 2639 2329 mandati:
2682 2265 2773 2330 sic
2814 2266 3009 2329 etiam

616 2369 1012 2450 poenitentia
1049 2370 1342 2451 specialis
1376 2370 1605 2445 virtuS,
1642 2370 1795 2450 quia
1830 2370 2089 2451 respicit
2127 2368 2245 2433 s'ub
2284 2370 2532 2433 ratione
2570 2370 2721 2431 mali
2759 2369 3003 2451 proprii

617 2493 657 2535 a
709 2493 778 2536 se
830 2483 1057 2536 contra
1112 2474 1324 2536 Deum
1379 2473 1752 2554 perpetrati,
1808 2485 2001 2554 prout
2053 2474 2249 2537 homo
2305 2494 2389 2536 ex
2443 2474 2567 2536 hoc
2620 2473 2854 2554 dignus
2908 2482 3007 2537 est

559 2621 568 2630 ·
607 2576 894 2657 -puniri'’.
2259 2603 2261 2605 ’

701 2680 850 2743 Hac
890 2679 1138 2743 ratione
1179 2680 1371 2744 solvit
1413 2680 1803 2762 Seraphicus
1843 2681 2009 2743 hanc
2048 2679 2513 2761 objectionem:
2601 2678 3007 2743 Poenitentia

617 2802 748 2845 non
790 2784 1202 2865 restringitur
1242 2784 1327 2848 ad
1367 2784 1642 2865 speciale
1681 2794 2053 2865 peccatum;
2096 2805 2252 2865 ergo
2294 2804 2426 2847 non
2468 2794 2565 2847 est
2607 2783 2817 2847 virtus
2863 2802 3006 2863 spe-

616 2885 813 2949 cialis.
900 2886 1048 2949 “Ad
1090 2887 1248 2950 illud
1289 2888 1462 2969 quod
1503 2888 1811 2968 objicitur
1851 2888 1931 2951 de
1973 2888 2337 2968 object0,—
2376 2887 2465 2951 ait
2510 2886 3007 2968 SeraphicuS,-

616 2989 980 3064 dicendum,
1011 2991 1185 3071 quod
1215 2991 1335 3054 etsi
1368 3011 1499 3054 non
1529 2992 1949 3054 contrahatur
1980 2992 2062 3054 ad
2096 2990 2369 3072 speciale
2399 2998 2755 3071 peccatum,
2787 2999 3005 3053 tamen

615 3092 772 3156 illud
808 3093 1174 3157 considerat
1211 3094 1330 3158 sub
1368 3094 1627 3176 speciali
1666 3106 1729 3158 et
1767 3095 2032 3175 propria
2073 3095 2341 3168 ratione,
2382 3094 2502 3157 hoc
2539 3104 2657 3167 est,
2697 3092 2764 3155 in
2800 3113 3003 3174 quan-

614 3205 753 3259 tum
796 3217 836 3259 a
880 3217 949 3260 se
994 3206 1436 3278 perpetratum
1465 3208 1529 3261 et
1567 3198 1688 3260 Dei
1727 3198 2144 3271 offensivum,
2182 3198 2286 3261 cui
2324 3197 2464 3261 vult
2504 3196 2903 3260 reconciliari
2941 3206 3006 3261 et

614 3300 953 3363 emendam
1006 3299 1221 3363 facere
1241 3319 1257 3374 ;
1308 3300 1454 3363 ideo
1507 3310 1604 3363 est
1653 3300 1863 3364 virtus
1914 3300 2227 3381 specialis,
2279 3300 2431 3381 quia
2479 3299 2687 3363 virtus
2738 3298 3003 3380 ponitur

613 3401 950 3481 generalis,
990 3422 1122 3465 non
1162 3403 1410 3465 ratione
1450 3402 1708 3483 objecti,
1749 3404 1923 3483 quod
1963 3414 2060 3466 est
2100 3403 2450 3476 materiale,
2494 3402 2608 3467 sed
2648 3402 3003 3465 secundum

613 3504 786 3584 quod
825 3503 1017 3567 habet
1057 3503 1374 3567 rationem
1413 3504 1757 3569 motivi’'³⁰.
2392 3569 2394 3572 .

694 3606 1049 3687 Anyelicus
1081 3608 1350 3682 Doctor,
1386 3607 1650 3671 intimus
1687 3607 2022 3689 Seraphici
2059 3609 2361 3675 Doctoris
2397 3611 2663 3687 amicus,
2700 3614 2792 3677 sic
2827 3633 3001 3678 com-

613 3728 874 3772 munem
921 3710 1307 3773 sententiam
1355 3711 1634 3792 explicat
1683 3722 1746 3774 et
1793 3712 2059 3793 probat:
2152 3714 2323 3777 “Ubi
2376 3716 2656 3779 occurrit
2706 3717 3000 3797 specialis

613 3821 794 3877 actus
844 3813 1202 3887 laudabilis,
1255 3813 1339 3877 ibi
1390 3834 1648 3879 necesse
1699 3825 1797 3878 est
1845 3836 2087 3896 ponere
2139 3818 2479 3897 specialem
2530 3818 2819 3883 habitum
2868 3821 3000 3884 vir-

611 3916 786 3979 tutis.
871 3916 1305 3981 Manifestum
1343 3928 1441 3981 est
1477 3928 1713 3992 autem,
1749 3920 1923 3999 quod
1961 3920 2028 3981 in
2062 3921 2459 4000 poenitentia
2496 3921 2821 3987 invenitur
2858 3944 3000 4005 spe-

610 4018 789 4094 cialis
829 4020 995 4083 ratio
1033 4030 1214 4085 actus
1253 4021 1611 4095 laudabilis,
1650 4043 1760 4096 sc„
1797 4023 2051 4103 operari
2090 4024 2175 4085 ad
2213 4024 2715 4088 destructionem
2753 4027 2998 4107 peccati

610 4123 964 4201 praeteriti,
1019 4124 1086 4185 in
1139 4133 1453 4205 quantum
1506 4136 1604 4189 est
1659 4126 1783 4188 Dei
1837 4125 2111 4202 offensa,
2166 4127 2341 4208 quod
2396 4148 2527 4191 non
2580 4129 2859 4209 pertinet
2914 4131 2998 4194 ad

613 4225 928 4289 rationem
971 4227 1236 4291 alterius
1279 4227 1558 4292 virtutis.
1645 4229 1840 4293 Unde
1884 4250 2142 4293 necesse
2185 4240 2283 4294 est
2324 4251 2585 4312 ponere,
2629 4234 2802 4313 quod
2846 4253 2999 4314 poe-

610 4328 881 4392 nitentia
921 4339 1019 4393 est
1057 4330 1351 4411 specialis
1391 4331 1716 4396 virtus’'³¹.
2653 4358 2674 4394 ·.

649 4553 662 4565 .
692 4485 748 4523 29
768 4485 916 4541 Edit.
951 4488 1371 4553 Nurembergcr
1406 4489 1574 4555 facta,
1605 4508 1653 4545 a.
1688 4491 1834 4555 1482,
1866 4492 2030 4557 cujus
2062 4493 2350 4558 exemplar
2379 4503 2599 4559 prostat
2630 4495 2779 4560 apud
2813 4496 2995 4553 Colle-

606 4570 762 4619 gium
805 4555 861 4611 S.
903 4556 1350 4622 Bonaventurae‚
1389 4559 1683 4625 Allegany,
1725 4561 1797 4613 N.
1838 4560 1923 4624 Y..·
1964 4571 2018 4617 et
2057 4579 2129 4615 ex
2168 4580 2281 4627 quo
2318 4572 2483 4618 notas
2526 4562 2825 4630 desumpsi.

690 4620 748 4659 ⁸⁰
768 4622 824 4677 S.
864 4623 1094 4687 Bonav.,
1131 4622 1238 4689 Op.
1277 4624 1422 4690 Om„
1461 4626 1757 4694 Quarach„
1797 4637 1932 4683 tom.
1972 4629 2072 4694 IV,
2110 4647 2234 4697 pag.
2272 4630 2386 4686 321.

689 4687 746 4727 ⁸¹
768 4690 984 4747 Summ.
1027 4692 1238 4758 Theol.,
1278 4694 1327 4758 3,
1367 4712 1420 4761 q.
1459 4695 1541 4761 85,
1581 4713 1632 4751 a.
1672 4697 1720 4751 2.
