3509 5267
487 512 574 571 56
795 514 895 578 De
932 511 1231 576 Cluvium
1264 512 1620 577 Potestatis
1654 511 2026 576 Existentia
2058 512 2277 592 Atque
2314 512 2384 574 N
2386 521 2593 577 atum.

575 692 755 758 Nota
799 692 1047 757 I.—Ex
1087 691 1404 775 expositis
1445 702 1715 773 apparet
1757 691 2026 757 omnino
2069 691 2492 774 rejiciendam
2534 713 2678 759 esse
2721 714 2885 758 non·

490 796 820 860 nullorum
855 795 1354 877 protestantium
1393 794 1802 871 sententiam,
1838 794 1951 877 qui
1990 804 2212 860 tenent
2250 795 2318 859 in
2353 795 2659 878 praefato
2695 806 2883 861 textu

490 898 572 963 de
605 906 869 979 peccato
903 917 1037 961 non
1069 897 1196 980 agi.
1272 896 1472 979 Quod
1507 907 1740 979 agatur
1774 898 1857 961 de
1889 907 2155 980 peccato
2188 898 2362 965 clare
2395 908 2575 981 patet
2608 920 2695 964 ex
2728 920 2883 965 con-

487 1008 694 1065 textu.
775 1000 1098 1066 Dominus
1132 1000 1306 1065 enim
1343 1001 1582 1065 docens
1619 1000 2107 1078 correctionem,
2147 1001 2455 1087 supponit
2492 1022 2882 1085 quemquam

488 1112 824 1184 peccatum
888 1101 1152 1185 aliquod
1219 1102 1674 1179 commississe,
1739 1124 1928 1167 secus
1992 1104 2309 1168 correctio
2377 1103 2623 1171 inutilis
2692 1114 2879 1170 esset.

493 1205 704 1269 Immo
748 1225 1057 1288 expresse
1103 1203 1389 1287 loquitur
1435 1206 1517 1270 de
1563 1216 1865 1288 peccato;
1912 1207 2005 1271 ait
2053 1207 2261 1271 enim:
2354 1206 2470 1273 “Si
2518 1208 2882 1290 peccaverit

487 1306 557 1371 in
594 1317 660 1372 te
706 1307 912 1372 frater
951 1318 1104 1373 tuus
1149 1358 1165 1373 .
1213 1358 1227 1373 .
1275 1308 1333 1373 .”
1418 1307 1489 1374 Si
1530 1319 1750 1373 autem
1798 1308 2005 1374 frater
2045 1330 2319 1392 peccans
2361 1330 2495 1375 non
2534 1312 2676 1376 vult
2721 1311 2881 1375 reci-

487 1430 640 1493 pere
689 1411 1155 1475 correctionem
1211 1410 1590 1486 fraternam,
1645 1411 1792 1476 “dic
1843 1411 2230 1477 Ecclesiae”.
2325 1412 2552 1495 Quid?
2646 1412 2881 1479 Pecca-

485 1522 626 1576 tum
676 1512 922 1588 fratris,
965 1523 1038 1577 ut
1083 1513 1372 1579 Ecclesia
1413 1514 1633 1579 videat
1675 1514 1832 1596 quid
1877 1516 2201 1597 agendum
2249 1516 2332 1581 sit
2378 1516 2446 1579 in
2490 1536 2665 1582 casu.

573 1621 750 1685 Nota
802 1620 1235 1687 II.—Pariter
1284 1621 1638 1702 rejicienda
1685 1633 1786 1687 est
1835 1624 2153 1687 sententia
2206 1624 2466 1688 illorum
2514 1633 2879 1707 protestan-

485 1723 669 1797 tium,
725 1722 836 1805 qui
891 1722 1114 1788 dicunt
1166 1723 1537 1807 praefatam
1591 1735 1980 1807 potestatem
2034 1725 2533 1791 ecclesiasticam
2588 1726 2878 1791 exerceri

485 1835 740 1889 tantum
787 1825 856 1888 in
907 1825 1057 1890 foro
1103 1835 1374 1892 externo
1423 1847 1538 1891 seu
1585 1828 1652 1891 in
1706 1827 1875 1892 facie
1925 1828 2273 1904 Ecclesiae,
2322 1840 2386 1894 et
2434 1830 2696 1913 quidem
2745 1850 2877 1893 non

482 1929 699 2010 quoad
758 1928 979 1993 omnia
1034 1939 1318 2011 peccata,
1377 1931 1492 1995 sed
1549 1940 1806 1995 tantum
1862 1932 2078 2012 quoad
2138 1930 2437 1997 defectus
2495 1932 2877 1997 commissos

484 2040 711 2095 contra
759 2030 1153 2108 Ecclesiam;
1201 2052 1333 2096 non
1383 2041 1601 2097 autem
1648 2034 1939 2098 exerceri
1988 2034 2056 2097 in
2110 2032 2259 2099 foro
2309 2034 2757 2112 conscientiae,
2808 2034 2876 2097 in

489 2132 641 2198 foro
686 2133 942 2198 interno
990 2155 1105 2199 seu
1155 2154 1376 2199 coram
1426 2135 1589 2211 Deo,
1638 2156 1758 2200 nec
1808 2137 2023 2219 quoad
2072 2148 2335 2219 peccata
2384 2147 2611 2202 contra
2661 2138 2876 2202 Deum

480 2236 845 2302 commissa.

569 2337 643 2417 1)
711 2339 866 2403 Non
921 2339 1290 2404 excluditur
1344 2352 1680 2422 peccatum
1736 2341 2037 2423 aliquod;
2091 2341 2247 2423 quia
2303 2341 2626 2407 Dominus
2682 2342 2873 2407 dicit:

479 2460 924 2523 quaecumque
987 2441 1426 2525 alligaveritis,
1494 2464 1937 2525 quaecumque
2004 2443 2346 2509 solveritis.
2437 2446 2615 2528 Ergo
2682 2465 2875 2509 omne

480 2546 816 2626 peecatum
860 2545 1136 2610 inclusit.

567 2647 870 2711 Forsitan
917 2659 1283 2730 opponetur
1333 2647 1442 2713 illa
1492 2650 1815 2714 restrictio
1866 2650 1975 2713 “in
2025 2650 2131 2715 te'’
2182 2671 2267 2715 ex
2315 2660 2660 2716 contextu:
2754 2650 2871 2715 “Si

478 2757 697 2813 autem
755 2750 1119 2831 peccaverit
1180 2750 1247 2813 in
1307 2761 1374 2815 te
1440 2750 1646 2815 frater
1706 2762 1859 2817 tuus
1906 2802 1920 2816 .
1968 2803 1982 2817 .
2030 2753 2088 2817 .'’
2178 2752 2307 2818 Sed
2368 2753 2528 2819 haec
2590 2753 2872 2834 objectio

480 2850 669 2915 firma
709 2872 841 2915 non
883 2862 1000 2927 est,
1041 2874 1189 2917 cum
1239 2853 1738 2918 fundamentum
1781 2855 2014 2919 habeat
2056 2855 2123 2918 in
2165 2855 2291 2921 illis
2332 2855 2547 2921 verbis
2592 2856 2701 2920 “in
2742 2855 2871 2931 te’',

478 2954 560 3017 de
611 2954 846 3035 quibus
897 2955 1286 3036 disputatur,
1338 2967 1560 3020 utrum
1611 2958 1741 3021 sint
1792 2958 2091 3040 genuina.
2190 2958 2344 3023 Non
2395 2978 2537 3024 esse
2588 2959 2871 3042 genuina

475 3056 736 3120 videtur
792 3057 869 3121 cl.
931 3056 1429 3134 Knabenbauer,
1491 3064 1545 3125 1.
1604 3080 1682 3135 c.,
1741 3069 2006 3143 propter
2068 3060 2353 3125 rationes
2411 3081 2454 3125 a
2512 3081 2582 3125 se
2640 3061 2869 3126 allatas

476 3178 622 3240 pag.
664 3163 784 3222 120
821 3180 907 3223 ss‚

562 3267 637 3347 2)
674 3266 872 3348 Quod
899 3277 1117 3332 autem
1145 3266 1435 3331 Ecclesia
1463 3276 1764 3330 exerceat
1793 3287 1978 3331 suam
2006 3275 2394 3348 potestatem
2422 3266 2619 3331 etiam
2646 3286 2868 3332 coram

477 3369 640 3444 Deo,
688 3380 867 3450 patet
915 3389 1000 3432 ex
1048 3369 1263 3434 verbis
1314 3369 1613 3433 Domini:
1666 3370 1720 3433 si
1773 3369 2063 3433 Ecclesia
2113 3369 2290 3451 ligat,
2338 3377 2405 3433 et
2451 3369 2701 3433 caelum
2752 3388 2867 3433 seu

476 3472 657 3536 Deus
704 3472 895 3553 ligat;
942 3472 995 3537 si
1044 3471 1335 3537 Ecclesia
1384 3472 1595 3547 solvit,
1642 3481 1705 3536 et
1752 3472 2002 3535 caelum
2049 3470 2260 3536 solvit.
2353 3472 2532 3555 Ergo
2578 3481 2867 3554 potestas

473 3573 903 3639 ecclesiastica
945 3584 1286 3638 exercetur
1328 3574 1524 3638 etiam
1565 3594 1787 3639 coram
1830 3576 1991 3639 Deo,

1250 3774 2072 3857 QUAESTIUNCULA.

957 3896 1134 3974 Quid
1186 3897 1584 3979 intelliyatur
1636 3897 1897 3961 nomine
1950 3896 2381 3963 “Ecclesiae'’.

553 4034 757 4115 Juxta
824 4033 1170 4097 nonnullos
1237 4042 1690 4115 protestantes,
1760 4033 2087 4099 Ecclesiae
2154 4033 2417 4098 nomine
2484 4031 2863 4113 intelligitur

471 4136 1111 4219 synayoqa.—Juxta
1170 4136 1350 4212 alios,
1413 4135 1794 4217 intelligitur
1854 4136 2199 4199 multitudo
2260 4135 2860 4216 fidelium—Juxta

469 4237 819 4302 catholicos
887 4247 1104 4301 autem
1173 4237 1620 4319 intelliguntur
1686 4241 2020 4320 praesules
2099 4237 2437 4320 (Apostoli
2506 4255 2860 4318 eorumque

469 4340 910 4419 successores)
969 4340 1294 4405 societatis
1344 4340 1698 4422 religiosae,
1747 4361 1944 4423 quam
1994 4339 2638 4423 Christusfflromisit
2682 4338 2859 4403 aedi-

468 4441 661 4507 ficare
699 4462 814 4506 seu
851 4442 1262 4507 constituere.

551 4545 737 4609 Haec
790 4544 1019 4609 ultima
1074 4544 1392 4610 sententia
1447 4546 1712 4610 omnino
1767 4545 2049 4610 tenenda
2103 4554 2221 4610 est.
2326 4545 2500 4609 Nam
2558 4543 2857 4608 Christus

463 4647 763 4729 promisit
840 4646 1184 4712 aedificare
1263 4648 1620 4713 Ecclesiam
1699 4669 1889 4713 suam
1964 4648 2333 4731 propriam:
2437 4642 2858 4709 “Aedificabo
