3509 5267
499 540 625 603 120
801 539 901 602 De
939 537 1239 603 Clavium
1270 536 1624 600 Potestatis
1658 535 2030 601 Existentia
2063 536 2284 616 Atque
2321 535 2602 600 Natura.

592 721 619 802 (
628 719 695 802 j)
750 719 907 785 Ideo
947 718 1019 784 S.
1060 720 1348 784 Ioannes
1390 718 1447 784 C
1446 719 1897 801 hrysostamus
1940 738 2062 784 nos
2102 715 2424 784 admonet
2455 740 2540 783 ne
2581 719 2900 801 despicia-

498 844 645 888 mus
693 822 1211 903 superexcelsam
1260 820 1702 886 sacerdotibus
1746 820 2163 886 commissam
2209 829 2604 904 potestatem
2653 820 2900 904 ligandi

496 936 691 1007 atque
746 923 1073 988 solvendi:
1170 923 1478 988 “Insania
1530 924 1704 988 enim
1757 923 2113 989 manifesta
2167 932 2289 1000 est,
2343 935 2604 989 tanturn
2656 925 2900 1012 princi·

495 1037 723 1111 patum
766 1025 1115 1108 despicere,
1154 1026 1296 1091 sine
1338 1047 1468 1107 qua
1512 1045 1719 1107 neque
1762 1028 2060 1103 salutem,
2103 1046 2315 1109 neque
2357 1027 2684 1109 promissa
2725 1027 2899 1092 bona

496 1128 802 1210 consequi
844 1128 1339 1210 possumus”²⁴⁸.

966 1297 1424 1377 Respondetur
1471 1298 1555 1360 ad
1604 1297 1950 1361 nonnullas
1997 1296 2418 1379 abjectiones.

581 1432 688 1495 Ex
733 1431 1104 1515 praecitatis
1146 1432 1659 1509 auctoritatibuS,
1704 1432 1878 1498 clare
1920 1443 2178 1498 constat
2225 1432 2347 1499 SS.
2397 1435 2630 1500 Patres
2675 1455 2899 1500 neces·

496 1535 741 1600 sarium
780 1533 1224 1600 considerasse
1264 1535 1349 1599 ad
1388 1535 1669 1599 clavium
1710 1555 2064 1601 recursum.
2153 1535 2285 1601 Sed
2326 1537 2681 1618 aliquando
2719 1538 2898 1620 apud

498 1637 619 1702 SS.
663 1635 893 1700 Patres
930 1637 1277 1702 nonnullae
1315 1638 1551 1719 phases
1590 1648 1961 1713 occurrunt,
2001 1659 2166 1720 quas
2205 1639 2566 1704 adversarii
2608 1641 2694 1706 ob
2695 1640 2719 1723 j
2727 1641 2898 1704 icere

498 1739 708 1804 solent
760 1748 1091 1819 tamquam
1146 1739 1499 1804 sacerdotis
1554 1761 1793 1804 munus
1845 1749 1910 1804 et
1961 1741 2398 1806 ministerium
2453 1742 2894 1807 excludentes,

496 1841 741 1904 Dicunt
779 1839 1027 1914 Patres,
1059 1863 1120 1904 v.
1156 1863 1238 1922 g.,
1270 1852 1344 1906 ut
1376 1853 1675 1924 peccator
1707 1841 2094 1907 confiteatur
2131 1843 2294 1919 Deo,
2329 1845 2532 1909 immo
2569 1845 2691 1910 soli
2731 1844 2895 1910 Deo.

584 1951 717 2016 Sed
757 1948 932 2014 hisce
972 1951 1187 2015 verbis
1230 1972 1362 2015 non
1402 1951 1772 2015 excluditur
1816 1951 2170 2017 sacerdotis
2212 1969 2454 2018 munus
2494 1964 2560 2018 et
2604 1953 2898 2019 ministe-

498 2054 688 2118 rium.
772 2051 844 2116 Si
882 2051 1055 2116 enim
1094 2052 1217 2118 hoc
1252 2063 1601 2129 asseratur,
1640 2054 1954 2118 asseritur
1995 2054 2226 2119 Patres
2266 2055 2388 2120 sibi
2430 2054 2897 2132 contradicere,

494 2167 561 2218 et
606 2154 869 2235 quidem
916 2164 1155 2234 aperte,
1203 2156 1378 2236 quod
1425 2175 1616 2221 nemo
1665 2176 1862 2221 sanae
1907 2157 2144 2222 mentis
2191 2157 2408 2222 dicere
2453 2168 2690 2240 potest,
2740 2159 2897 2240 quia

495 2257 727 2321 Patres
762 2257 1119 2338 generatim
1152 2269 1304 2322 sunt
1338 2259 1681 2323 luminaria
1716 2279 1954 2340 magna
1989 2258 2360 2325 scientifica.

584 2373 951 2444 Praeterea,
1004 2369 1180 2451 quod
1230 2367 1463 2448 aliquis
1517 2367 1713 2431 Pater
1767 2367 1888 2431 sibi
1939 2366 2362 2443 contradicat,
2414 2379 2743 2445 transeat;
2796 2370 2898 2433 in·

499 2472 789 2539 fallibilis
832 2471 1005 2536 enim
1045 2491 1175 2534 non
1217 2481 1333 2535 est.
1423 2469 1553 2534 Sed
1593 2470 1769 2552 quod
1811 2479 1950 2534 tota
1990 2470 2259 2535 traditio
2303 2471 2425 2537 sibi
2467 2472 2896 2547 contradicat,

495 2572 893 2658 impossibile
942 2583 1059 2650 est,
1110 2573 1262 2655 quia
1311 2573 1433 2636 hoc
1482 2583 1652 2637 esset
1702 2581 1930 2637 contra
1979 2571 2307 2638 Ecclesiae
2358 2573 2895 2638 infallibilitatem
2947 2639 2950 2641 A

494 2691 560 2745 et
603 2675 1229 2741 indefectibilitatem
1272 2696 1313 2739 a
1359 2674 1621 2740 Christo
1663 2674 2056 2756 promissas;
2098 2683 2255 2739 tunc
2299 2676 2475 2739 enim
2517 2686 2748 2758 portae
2795 2677 2896 2740 in·

498 2781 625 2846 feri
685 2779 1131 2860 praevalerent
1188 2787 1415 2842 contra
1475 2776 1854 2851 Ecclesiam,
1917 2787 1982 2841 et
2044 2776 2288 2842 Christi
2352 2778 2620 2842 Domini
2683 2778 2895 2843 nostri

494 2883 697 2948 verba
761 2878 921 2944 nihil
988 2881 1295 2944 valerent.
1386 2878 1557 2962 Quis
1620 2888 1841 2943 autem
1908 2879 2033 2943 hoc
2097 2899 2390 2943 asserere
2457 2890 2673 2962 potest
2743 2879 2894 2963 jure

495 2981 901 3063 meritoque?

582 3090 921 3156 Multoties
961 3090 1087 3156 illis
1126 3089 1342 3154 verbis
1386 3088 1503 3155 SS.
1550 3090 1781 3154 Patres
1823 3085 2108 3153 indicare
2147 3110 2224 3154 ac
2265 3091 2501 3156 docere
2544 3091 2894 3156 intendunt

494 3193 808 3278 primario
858 3192 1001 3258 Deo
1049 3203 1113 3258 et
1162 3192 1546 3258 secundario
1594 3191 1914 3256 sacerdoti
1964 3201 2369 3274 peccatorem
2421 3203 2686 3275 peccata
2737 3214 2894 3258 con-

494 3295 700 3361 fiteri:
781 3294 1461 3376 “Confitere,—inquit
1494 3293 1888 3359 Anastasius
1919 3293 2194 3369 Sinaita,
2233 3295 2336 3359 De
2374 3295 2577 3361 Sacra
2616 3294 2894 3378 Synaxi,

490 3406 840 3480 -peccata
885 3407 999 3461 tua
1047 3397 1307 3462 Christo
1355 3416 1471 3479 per
1518 3395 2239 3461 sacerdotem’'¹“.—Et
2287 3397 2347 3460 E
2347 3399 2617 3479 ybertus
2663 3398 2894 3462 ebora-

489 3499 704 3568 censis
756 3500 1135 3580 praescribit
1184 3499 1541 3582 peccatori:
1638 3497 2087 3562 “Confiteatur
2139 3499 2284 3563 Dea
2341 3498 2694 3562 malefacta
2750 3519 2892 3576 sua,

492 3616 566 3670 ut
605 3601 907 3667 sacerdos
946 3602 1124 3678 sciat,
1161 3621 1356 3683 quam
1392 3599 1855 3682 poenitentiam
1893 3600 2015 3682 ipsi
2053 3600 2386 3681 imponere
2426 3600 2896 3665 debeat”¹⁴⁸.—

490 3712 781 3775 Ioannes
820 3705 1185 3786 Jejunat0r‚
1230 3703 1986 3784 Constantinopolitanus
2032 3702 2432 3778 Patriarcha,
2477 3703 2892 3768 confessario

494 3809 761 3876 mandat
825 3817 898 3872 ut
964 3807 1056 3871 sic
1120 3814 1523 3888 peccatorem
1590 3806 1990 3886 alloquatur:
2099 3803 2516 3885 “Spiritualis
2584 3805 2699 3881 fili,
2767 3825 2893 3888 ego

491 3909 975 3980 confessionem
1023 3919 1203 3973 tuam
1251 3908 1562 3988 primario
1613 3917 1675 3971 et
1722 3907 2064 3988 praecipue
2113 3927 2244 3969 non
2290 3906 2556 3987 recipio,
2604 3926 2726 3972 nec
2769 3907 2889 3970 tibi

493 4013 966 4082 absolutionem
1026 4010 1331 4084 concede,
1390 4009 1505 4074 sed
1561 4030 1679 4091 per
1737 4030 1842 4073 me
1903 4008 2125 4072 Deus'’
2171 4057 2185 4072 .
2232 4057 2247 4071 .
2295 4057 2310 4071 .
2356 4011 2459 4072 ¹⁴⁰.
2564 4008 2892 4091 Quamvis

490 4139 649 4201 ergo
711 4115 1023 4198 primario
1085 4111 1417 4177 confessio
1482 4111 1766 4176 Domino
1834 4111 1966 4187 fiat,
2033 4131 2164 4174 non
2229 4119 2448 4173 tamen
2516 4112 2891 4176 excluditur

490 4220 814 4287 sacerdos.

572 4407 657 4446 14⁸
679 4406 758 4460 M.
794 4405 858 4460 P.
890 4403 972 4469 48,
1006 4403 1120 4456 643.

572 4481 745 4535 1441„
783 4487 928 4534 auct.
968 4472 1307 4539 Cambefisii,
1345 4481 1479 4529 tom.
1521 4475 1565 4538 1,
1606 4473 1734 4528 edit.
1778 4473 1958 4539 Paris,
1997 4489 2120 4540 pag.
2162 4471 2276 4526 890.

571 4556 656 4597 14⁶
679 4554 885 4619 Mansi,
926 4551 1135 4607 Colect.
1176 4548 1364 4612 Cone..
1403 4558 1535 4603 tom.
1579 4549 1656 4613 12,
1696 4546 1800 4602 col.
1838 4549 1952 4602 232.

570 4628 659 4670 ¹⁴⁶
674 4628 847 4695 Apud
888 4627 1125 4689 Hurter,
1168 4621 1363 4685 Comp.
1404 4621 1600 4676 Theol.
1644 4621 1820 4686 spec„
1859 4629 1996 4676 tom.
2037 4622 2087 4686 3,
2127 4619 2221 4675 ubi
2262 4619 2448 4685 legere
2489 4630 2677 4686 potest
2716 4623 2889 4688 plura

490 4702 600 4756 alia
630 4696 970 4755 testimonia.
