3509 5267
519 508 558 571 8
822 508 922 569 De
962 506 1016 570 C
1017 506 1260 569 lovium
1293 505 1648 568 Potestatis
1683 505 2054 568 Existentia
2088 505 2305 585 Atque
2342 505 2619 569 Natura.

521 710 591 754 se
621 688 1076 763 arbitrabatur,
1109 709 1259 752 eum
1291 708 1482 752 nemo
1514 697 1771 770 poterat
1802 697 2069 770 propter
2103 688 2581 753 intolerantiam
2620 688 2911 763 foetoris,

521 792 844 874 portare.'’
939 792 1316 856 Prostratus
1367 791 1564 873 igitur
1613 792 1980 856 Antiochus
2031 792 2286 874 jacebat
2336 802 2603 874 propter
2656 792 2913 856 insana·

521 896 714 960 bilem
744 906 807 959 et
837 895 1223 960 invisibilem
1253 897 1530 977 plagam,
1560 904 1828 977 propter
1858 896 2326 960 intolerabilem
2363 896 2682 960 foetorem
2712 916 2913 959 mem-

519 998 913 1080 brorumque
937 1000 1355 1063 collisionem.
1407 999 1689 1081 Magnis,
1719 1000 1918 1063 immo
1944 999 2247 1063 maximis
2274 998 2735 1081 temporalibus
2763 1019 2912 1081 sup-

521 1101 731 1183 pliciis
765 1101 1195 1166 afficiebatur!
1277 1102 1493 1184 Iisque
1529 1111 1863 1183 permotus
1899 1101 2266 1166 Antiochus
2302 1102 2529 1169 orabat
2565 1103 2650 1166 ad
2688 1102 2912 1165 Domi-

522 1225 698 1280 num,
751 1205 1228 1286 deprecatorias
1280 1206 1527 1270 litteras
1579 1206 1662 1270 ad
1711 1206 2000 1287 Judaeos
2054 1205 2366 1281 mittebat,
2421 1214 2701 1287 votaque
2757 1205 2913 1269 fecit

519 1329 642 1390 pro
694 1309 981 1389 JudaeiS,
1032 1330 1154 1390 pro
1206 1310 1569 1392 Jerusalem
1621 1320 1815 1389 atque
1868 1310 2129 1391 templo.
2230 1308 2361 1373 Sed
2419 1309 2704 1385 frustra3
2758 1330 2912 1373 nam

522 1413 631 1476 illa
680 1413 1075 1493 poenitentia
1125 1413 1440 1477 naturalis
1492 1414 1757 1478 omnino
1811 1422 1971 1489 erat,
2026 1413 2298 1494 ideoque
2350 1413 2753 1477 miserrimus
2805 1412 2910 1475 ille

522 1536 640 1579 rex
684 1516 1074 1581 “miserabili
1116 1517 1296 1581 obitu
1338 1517 1474 1580 vita
1519 1516 1785 1581 functus
1828 1516 1986 1581 est”.

605 1632 824 1695 “Hinc
865 1632 1063 1713 igitur
1113 1631 1513 1712 (Antiochus
1553 1631 1936 1713 percussus)
1986 1633 2217 1714 coepit,
2259 1653 2344 1696 ex
2384 1633 2568 1715 gravi
2611 1631 2911 1714 superbia

521 1736 836 1799 deductus
887 1735 972 1799 ad
1023 1736 1418 1816 agnitionem
1471 1757 1655 1800 suam
1707 1736 1949 1811 venire,
2003 1736 2225 1800 divina
2276 1736 2647 1801 admonitus
2698 1735 2909 1817 plaga,

519 1859 635 1920 per
681 1849 1008 1903 momenta
1056 1839 1309 1919 singula
1356 1839 1687 1903 doloribus
1734 1840 1871 1904 suis
1918 1848 2265 1921 augmenta
2310 1840 2729 1921 capientibus
2824 1839 2911 1901 Et

519 1963 669 2007 curn
718 1963 836 2006 nec
882 1942 1020 2023 ipse
1069 1942 1205 2022 jam
1259 1943 1579 2007 foetorem
1632 1943 1807 2007 ferre
1854 1953 2095 2025 posset,
2143 1943 2234 2007 ita
2282 1943 2407 2007 ait:
2500 1944 2763 2025 Justum
2811 1951 2912 2007 est

522 2046 850 2110 subditum
888 2065 1028 2110 esse
1067 2047 1229 2121 Deo,
1266 2058 1330 2111 et
1368 2048 1707 2111 mortalem
1744 2067 1877 2110 non
1914 2047 2099 2129 paria
2138 2048 2279 2111 Deo
2320 2046 2576 2110 sentire.
2660 2046 2910 2110 Orabat

521 2160 738 2213 autem
788 2150 893 2213 hic
942 2150 1248 2214 scelestus
1301 2151 1675 2226 Dominum,
1727 2172 1768 2214 a
1819 2172 1945 2231 quo
1996 2172 2127 2213 non
2180 2159 2348 2214 esset
2400 2149 2912 2214 misericordiam

521 2263 1020 2329 consecuturus;
1065 2263 1129 2317 et
1174 2253 1522 2329 civitatem,
1568 2256 1652 2317 ad
1696 2276 1891 2335 quam
1943 2254 2262 2318 festinans
2306 2253 2604 2317 veniebat
2648 2262 2721 2317 ut
2766 2273 2910 2315 eam

520 2357 604 2419 ad
654 2358 863 2420 solum
913 2357 1280 2432 deduceret,
1325 2378 1402 2421 ac
1452 2358 1863 2439 sepulchrum
1912 2368 2367 2439 congestorum
2422 2357 2687 2431 faceret,
2738 2376 2910 2420 nunc

521 2470 702 2541 optat
746 2460 1012 2523 liberam
1061 2462 1394 2537 redderet;
1439 2472 1502 2525 et
1546 2462 1852 2542 Judae05,
1897 2482 2060 2542 quos
2106 2481 2224 2524 nec
2271 2462 2602 2542 sepultura
2648 2459 2908 2541 quidem

521 2586 589 2628 se
629 2564 859 2646 dignos
899 2564 1274 2642 bibiturum,
1317 2566 1431 2629 sed
1469 2566 1696 2630 avibus
1737 2585 1813 2629 ac
1855 2565 2015 2629 feris
2057 2564 2455 2646 diripiendos
2494 2564 2909 2637 traditurum,

521 2676 584 2730 et
632 2688 779 2730 cum
827 2668 1116 2748 parvulis
1167 2670 1750 2733 exterminaturum
1801 2669 2078 2743 dixerat,
2129 2668 2429 2749 aequales
2482 2688 2654 2731 nunc
2706 2665 2910 2728 Athe-

521 2771 850 2835 niensibus
905 2771 1233 2836 facturum
1279 2772 1636 2853 pollicetur.
1729 2772 2075 2853 Templum
2126 2772 2321 2835 etiam
2370 2780 2684 2845 sanctum,
2736 2769 2910 2852 quod

519 2875 702 2956 prius
752 2875 1213 2957 expoliaverat,
1263 2876 1524 2957 optimis
1574 2876 1763 2939 donis
1814 2886 2216 2951 ornaturum,
2268 2886 2332 2939 et
2380 2875 2776 2957 pertinentes
2825 2874 2910 2936 ad

521 2979 836 3043 sacrificia
883 2989 1178 3061 sumptus
1222 2980 1302 3043 de
1349 2980 1704 3044 redditibus
1751 2980 1885 3044 suis
1928 2989 2410 3061 praestaturum
2429 3000 2445 3054 ;
2492 3000 2687 3061 super
2730 2980 2908 3053 haec,

521 3092 583 3145 et
627 3083 950 3163 Judaeum
995 3105 1063 3147 se
1112 3083 1460 3157 facturum,
1505 3093 1569 3147 et
1612 3104 1872 3147 omnem
1918 3084 2130 3148 locum
2173 3094 2387 3147 terrae
2430 3082 2910 3164 perambulatu-

521 3207 688 3263 rum,
741 3196 804 3249 et
854 3188 1379 3267 praedicaturum
1435 3187 1557 3249 Dei
1610 3186 2059 3269 potestatem'’.
2160 3186 2223 3249 O
2279 3208 2474 3267 quam
2529 3185 2909 3267 magnificae

518 3290 1016 3370 promissiones!
1093 3290 1314 3372 Quam
1343 3291 1509 3355 mira
1542 3311 1610 3354 se
1647 3290 1976 3354 facturum
2009 3310 2149 3354 esse
2183 3290 2374 3353 dicit!
2450 3290 2536 3352 Et
2566 3299 2785 3353 tamen
2810 3338 2824 3351 .
2852 3338 2865 3351 .
2894 3336 2907 3350 .

519 3392 679 3455 nihil
723 3392 845 3473 ipsi
888 3393 1316 3473 profuerunt!
1404 3394 1928 3475 “Supervenerat
1969 3393 2142 3456 enirn
2186 3392 2253 3455 in
2296 3413 2446 3457 eum
2490 3392 2740 3473 justum
2786 3391 2909 3453 Dei

521 3494 916 3575 judicium'';
957 3505 1020 3559 et
1061 3496 1203 3571 hoe,
1246 3498 1348 3560 vel
1392 3496 1544 3578 quia
1585 3517 1724 3560 non·
1757 3507 1898 3560 erat
1943 3516 2169 3560 revera
2210 3496 2568 3577 poenitenS,
2611 3495 2714 3559 vel
2758 3494 2909 3575 quia

523 3599 750 3662 saltem
793 3598 939 3679 ejus
981 3599 1377 3681 poenitentia
1417 3620 1579 3681 pure
1623 3595 1938 3664 naturalis
1980 3610 2139 3676 erat,
2182 3610 2256 3664 ut
2298 3600 2557 3664 videtur
2599 3618 2685 3661 ex
2727 3617 2911 3661 sacra

519 3702 756 3783 pagina
800 3703 1051 3777 deduci,
1096 3723 1259 3783 quae
1315 3701 1731 3783 (interposita
1777 3703 2048 3784 epistola
2096 3701 2403 3766 Antiochi
2448 3703 2533 3765 ad
2577 3699 2898 3782 Judaeos)

521 3804 612 3868 sic
651 3805 848 3868 finem
885 3805 1158 3887 imponit
1196 3807 1347 3869 huic
1383 3806 1554 3870 tristi
1594 3816 1657 3869 et
1695 3806 1967 3870 terribili
2013 3806 2189 3870 facto
2230 3805 2573 3869 historico:
2657 3804 2910 3885 “Igitur

519 3908 844 3972 homicida
878 3919 942 3973 et
977 3909 1409 3991 blasphemuS,
1446 3910 1723 3991 pessime
1757 3929 2123 3991 percussus,
2161 3919 2225 3973 et
2259 3919 2332 3973 ut
2370 3908 2507 3990 ipse
2542 3907 2704 3972 alios
2740 3918 2909 3971 trac-

519 4020 790 4085 taverat,
829 4031 1097 4093 peregre
1137 4013 1204 4075 in
1242 4014 1568 4078 montibus
1611 4014 1958 4077 miserabili
1999 4013 2181 4076 obitu
2220 4012 2355 4076 vita
2399 4012 2663 4076 functus
2706 4009 2865 4073 est”.

603 4120 806 4183 Aliud
854 4120 1166 4185 naturalis
1215 4132 1279 4185 et
1326 4122 1775 4187 infructuosae
1822 4122 2254 4204 poenitentiae
2304 4122 2673 4203 exemplum
2722 4120 2908 4184 triste

519 4222 830 4287 habemus
896 4224 963 4286 in
1025 4225 1067 4287 J
1069 4225 1217 4301 uda,
1283 4226 1547 4289 Domini
1612 4226 1947 4301 traditore,
2012 4225 2122 4307 qui
2186 4226 2582 4307 poenitentia
2647 4224 2909 4305 quidem

521 4326 767 4390 ductus·
806 4337 944 4390 erat
1008 4327 1168 4409 (Mt.
1227 4331 1326 4404 27,
1379 4328 1484 4409 3),
1537 4337 1754 4393 tamen
1809 4328 2201 4410 “suspendio
2252 4328 2454 4391 vitam
2508 4337 2573 4391 et
2624 4327 2909 4390 animam

520 4428 798 4504 amisit”,
837 4438 912 4493 ut
947 4429 1134 4493 docet
1173 4429 1430 4495 Catech.
1470 4431 1680 4508 Rom,
1719 4432 1797 4496 Ρ.
1835 4432 1927 4508 II,
1968 4441 2104 4511 cap.
2142 4446 2203 4511 5,
2243 4452 2307 4495 n.
2347 4430 2405 4493 6.

606 4538 760 4601 Non
805 4537 1038 4602 sufficit
1081 4539 1296 4620 itaque
1341 4539 1655 4605 naturalis
1699 4541 2097 4621 poenitentia
2140 4542 2225 4604 ad
2268 4540 2625 4622 peccatoris
2672 4538 2909 4621 justifi-

520 4641 859 4706 cationem.
964 4642 1341 4724 Requiritur
1401 4655 1474 4707 ut
1532 4643 1930 4725 poenitentia
1990 4643 2500 4726 supernaturalis
2562 4643 2665 4717 sit,
2728 4642 2768 4706 i.
2832 4662 2909 4716 e.,
