3509 5267
1650 530 1914 596 Theses.
2859 533 2983 596 135

1736 713 1822 777 X.

674 833 995 898 Dominus
1044 832 1288 896 Noster
1330 832 1523 913 Jesus
1575 831 1874 896 Christus
1923 842 2020 897 est
2066 852 2238 909 vere,
2287 833 2547 897 realiter
2589 843 2782 915 atque
2829 834 2979 898 sub·-

589 934 973 1002 stantialiter
1009 955 1315 1017 praesens
1354 933 1422 998 in
1462 934 1639 999 Smo,
1679 935 2128 999 Eucharistiae
2170 934 2608 1000 Sacramento.
2695 935 2980 1016 Ideoque

588 1058 720 1102 non
776 1048 874 1102 est
932 1057 1239 1119 praesens
1300 1036 1632 1101 moraliter
1688 1046 1979 1112 tantum;
2039 1057 2160 1101 nec
2221 1036 2468 1101 Smum.
2531 1037 2978 1102 Eucharistiae

591 1139 1082 1205 Sacramentum
1154 1139 1393 1222 spetari
1465 1149 1679 1222 potest
1748 1150 2080 1221 tamquam
2152 1159 2404 1204 merum
2477 1139 2840 1221 symbolum
2911 1149 2978 1203 et

586 1242 978 1307 memoriale.

1713 1344 1836 1409 XI.

668 1464 777 1528 Ad
818 1465 1245 1546 frequentem,
1282 1464 1482 1529 immo
1516 1464 1984 1546 quotidianam,
2016 1463 2539 1528 communionem
2575 1463 2839 1527 minime
2878 1482 2976 1525 re-

586 1567 866 1648 quiritur
909 1577 983 1631 ut
1028 1566 1173 1649 quis
1219 1567 1379 1630 liber
1425 1567 1510 1631 sit
1555 1588 1595 1631 a
1639 1576 1903 1649 peccato
1950 1566 2207 1641 veniali,
2256 1565 2403 1630 licet
2449 1585 2645 1648 quam
2691 1565 2976 1628 maxime

586 1669 669 1733 sit
707 1670 1101 1751 optandum;
1142 1669 1375 1734 sufficit
1416 1669 1651 1733 habere
1694 1679 1934 1732 rectam
1975 1668 2277 1751 piamque
2319 1667 2743 1732 intentionem
2782 1676 2974 1749 atque

583 1792 715 1852 non
754 1772 989 1836 habere
1027 1771 1488 1836 conscientiam
1528 1772 1607 1835 de
1646 1782 1912 1853 peccato
1953 1770 2229 1835 mortali.

1693 1921 1852 1986 XII.

671 2036 910 2101 Sancta
940 2037 1138 2101 missa
1168 2047 1267 2101 est
1299 2036 1684 2101 sacrificium
1717 2036 1981 2119 proprie
2014 2036 2278 2112 dictum,
2312 2047 2376 2101 et
2409 2037 2587 2101 aliud
2619 2056 2751 2101 non
2781 2037 2974 2101 habet

580 2137 937 2204 humanum
981 2159 1186 2221 genus
1233 2140 1354 2203 sub
1402 2139 1594 2203 Nova
1642 2139 1834 2220 Lege,
1882 2139 2216 2203 immolato
2266 2138 2527 2204 Christo
2575 2139 2859 2204 Domino
2906 2139 2974 2202 in

580 2262 695 2306 ara
732 2241 961 2306 crucis,

1675 2344 1872 2408 XIII.

665 2459 829 2522 Ven.
872 2459 1157 2539 Joannes
1201 2459 1389 2522 Duns
1435 2458 1667 2523 Scotus
1710 2480 1843 2523 non
1887 2460 2072 2523 docet
2119 2459 2563 2524 Poenitentiae
2609 2479 2971 2523 sacramen-

582 2570 721 2625 tum
769 2562 925 2625 utile
971 2571 1227 2625 tantum
1275 2581 1435 2636 esse,
1486 2562 1601 2625 sed
1649 2571 1826 2625 tenet
1875 2561 2252 2642 hujusmodi
2305 2571 2782 2627 sacramentum
2831 2581 2971 2625 esse

580 2663 1035 2738 necessarium,
1070 2664 1417 2728 commisso
1450 2664 1707 2728 mortali
1740 2673 2025 2745 peccate,
2059 2673 2208 2745 post
2240 2663 2652 2746 baptismum.

1673 2814 1863 2880 XIV.

666 2929 1031 2994 Cardinalis
1090 2929 1387 3010 Cajetani
1446 2931 1783 3006 sententia,
1841 2932 2194 2995 secundum
2250 2951 2465 3013 quam,
2519 2932 2800 2996 clavium
2854 2952 2970 3014 po-

579 3041 778 3096 testas
817 3032 1074 3096 nonnisi
1117 3032 1319 3096 Beato
1361 3032 1557 3096 Petro
1597 3032 1917 3115 Apostolo
1956 3043 2149 3114 atque
2189 3033 2504 3098 Romanis
2546 3033 2968 3098 Pontificibus

579 3135 905 3217 competit,
946 3135 1301 3198 dummodo
1340 3135 1553 3199 claves
1596 3135 1663 3197 in
1707 3156 1827 3199 suo
1867 3135 2268 3218 amplissimo
2313 3155 2509 3201 sensu
2550 3135 2967 3219 accipiantur,

581 3237 705 3300 dici
754 3237 975 3318 nequit
1023 3237 1341 3300 sententia
1389 3237 1753 3318 singulariS,
1805 3239 1918 3302 sed
1965 3247 2062 3301 est
2113 3237 2430 3302 sententia
2479 3258 2700 3302 sacrae
2752 3237 2968 3320 Scrip-

577 3349 762 3402 turae
811 3339 972 3420 (Mt.
1017 3342 1115 3416 16,
1159 3339 1274 3418 18)
1322 3340 1510 3404 valde
1550 3339 1932 3404 conformis,

1690 3491 1842 3556 XV.

663 3605 1095 3682 Franciscani,
1142 3605 1251 3686 qui
1298 3605 1605 3670 vixerunt
1645 3617 1939 3690 ternpore
1986 3608 2264 3672 Romani
2313 3607 2648 3673 Pontificis
2693 3609 2964 3690 Joannis

579 3707 804 3782 XXII,
860 3707 985 3772 dici
1038 3717 1367 3789 nequeunt
1420 3718 1719 3774 auctores
1775 3709 2206 3774 distinctionis
2260 3708 2541 3774 clavium
2597 3710 2666 3773 in
2718 3711 2965 3775 clavem

578 3809 881 3874 scientiae
912 3819 976 3873 et
1006 3811 1251 3875 clavem
1281 3810 1625 3892 potentiae,
1658 3832 1809 3875 cum
1838 3811 2025 3893 longe
2057 3821 2207 3876 ante
2240 3812 2415 3895 ipsos
2447 3813 2606 3876 haec
2637 3812 2965 3876 distinctio

576 3913 749 3992 apud
795 3921 1092 3977 auctores
1136 3913 1305 3976 clare
1352 3913 1778 3977 determinata
1821 3914 2206 3978 inveniatur.

1671 4062 1858 4127 XVI.

663 4180 929 4245 Praeter
975 4181 1222 4245 ordinis
1266 4191 1653 4262 potestatem
1699 4183 2052 4264 requiritur
2096 4183 2164 4246 in
2208 4182 2616 4248 confessario
2660 4183 2963 4264 jurisdic-

575 4282 769 4347 tionis
807 4292 1116 4366 potestas,
1156 4304 1341 4348 secus
1378 4284 1659 4348 invalide
1696 4285 1851 4366 agit,
1891 4305 2008 4350 seu
2045 4305 2178 4375 non
2215 4285 2510 4350 absolvit.

1651 4436 1875 4502 XVII.

659 4552 767 4615 Ad
830 4552 1275 4618 remissionem
1333 4565 1746 4636 peccatorum
1805 4565 1955 4637 post
2013 4554 2407 4638 baptismum
2465 4555 2960 4620 commissorum

573 4654 988 4719 obtinendam
1051 4656 1170 4721 sub
1235 4657 1428 4722 Novo
1491 4658 1780 4721 Foedere
1841 4657 2132 4722 absolute
2193 4657 2628 4721 necessarium
2688 4667 2788 4721 est
2848 4666 2962 4720 aut
