3509 5267
443 498 527 561 40
748 498 848 560 De
887 495 1185 560 clavium
1218 494 1572 559 Potes-tatis
1606 494 1977 559 Existentia
2012 493 2229 574 Atque
2267 494 2546 559 Natura.

444 677 548 743 vel
582 678 663 741 de
697 676 861 742 clavi
900 675 1222 741 scientiae.
1303 674 1452 738 Hoc
1484 684 1662 756 patet
1697 693 1782 736 ex
1818 675 1959 755 ipsa
1993 673 2374 757 opinionum
2409 674 2837 757 expositione,

446 802 640 862 quam
695 779 855 844 facit
901 780 978 843 cl.
1029 788 1257 843 auctor
1304 777 1443 860 ipse
1493 779 1610 842 loc.
1661 778 1767 842 cit.
1863 777 2012 842 Hoc
2057 788 2279 843 autem
2329 799 2449 843 nec
2498 777 2670 843 idem
2719 799 2836 844 nec

446 884 654 949 simile
694 893 813 958 est,
856 892 928 947 ut
968 892 1164 965 patet.
1254 882 1450 964 Ergo.

530 996 724 1077 Resp.
765 995 850 1059 ad
892 994 965 1074 2)
981 1044 995 1058 .
1083 993 1417 1057 Sententia
1457 993 1538 1057 de
1578 993 1831 1057 duabus
1872 993 2160 1059 clavibus
2204 1014 2336 1058 non
2376 1005 2475 1059 est
2518 994 2837 1059 sententia

443 1099 632 1164 unice
669 1098 1096 1172 franciscana,
1131 1098 1243 1162 sed
1278 1097 1404 1162 dici
1437 1107 1651 1179 potest
1690 1098 1831 1162 fere
1862 1098 2227 1163 communis
2260 1099 2508 1162 saltem.
2587 1098 2835 1163 Audia-

444 1213 572 1277 tur,
619 1226 679 1267 v.
728 1223 809 1283 g.,
857 1202 1138 1266 Suae-ez:
1229 1200 1452 1266 “Solet
1496 1222 1540 1265 a
1585 1202 1903 1283 theoloqis
1950 1201 2194 1283 duplex
2240 1201 2551 1284 distingui
2598 1201 2833 1267 clavis:

442 1307 571 1370 alia
609 1305 933 1380 scientiae,
969 1306 1095 1370 alia
1130 1304 1474 1387 potentiae.
1557 1304 1777 1369 Clavis
1815 1306 2119 1370 scientiae
2154 1306 2223 1369 in
2259 1306 2577 1386 Pontifice
2616 1317 2715 1371 est
2749 1306 2835 1370 ad

443 1409 843 1475 definiendas
883 1409 1189 1474 veritates
1230 1408 1417 1486 fidei;
1458 1410 1784 1492 potentiae
1826 1410 1910 1473 ad
1953 1410 2301 1491 regendam
2345 1408 2790 1474 Ecclesiam”⁸.

529 1514 730 1579 Hisce
770 1514 1016 1577 ultimis
1057 1514 1273 1577 verbis
1317 1512 1608 1578 Suarezii
1654 1515 2081 1595 respondetur
2121 1515 2205 1578 ad
2248 1513 2407 1577 illud
2449 1514 2531 1579 de
2573 1533 2834 1578 revoca-

443 1618 618 1682 tione
661 1617 1060 1682 decisionum
1104 1618 1406 1681 datarum
1445 1618 1510 1681 vi
1554 1616 1753 1682 clavis
1796 1618 2144 1699 potentiae,
2187 1627 2381 1699 atque
2423 1618 2508 1681 ad
2549 1616 2709 1682 illud
2752 1617 2833 1680 de

442 1721 981 1786 irrevocabilitate
1021 1721 1420 1785 decisionum
1459 1721 1758 1785 datarum
1797 1722 1861 1785 vi
1901 1720 2101 1786 clavis
2140 1721 2463 1786 scientiae.
2548 1720 2620 1785 Si
2661 1720 2833 1784 enim

441 1846 559 1907 per
617 1826 864 1890 clavem
921 1825 1227 1890 scientiae
1288 1825 1684 1906 intelligatur
1742 1835 2030 1907 potestas
2092 1823 2440 1889 definiendi
2502 1834 2833 1907 tamquam

443 1929 680 2010 dogma
726 1928 876 1992 fidei
922 1929 1262 1993 veritatem
1308 1929 1611 2010 aliquam,
1659 1940 1723 1993 et
1770 1950 1887 2011 per
1932 1930 2179 1993 clavem
2225 1928 2551 2010 potentiae
2601 1928 2832 1992 intelli-

443 2042 634 2114 gatur
679 2043 966 2115 potestas
1015 2032 1371 2097 Ecclesiam
1419 2033 1843 2115 gubernandi,
1895 2053 2025 2097 non
2073 2033 2265 2098 video
2313 2054 2429 2097 cur
2479 2032 2832 2114 rejicienda

443 2135 525 2199 sit
563 2136 721 2199 haec
760 2136 1095 2199 sententia.
1180 2135 1440 2199 Etenim
1477 2137 1651 2218 quod
1691 2136 1821 2200 sint
1860 2136 2309 2200 irrevocabiles
2350 2146 2413 2199 et
2452 2134 2832 2200 irreforma-

441 2239 600 2303 biles
635 2239 992 2303 decisiones
1026 2239 1447 2321 dogmaticae,
1482 2260 1706 2304 omnes
1739 2239 2036 2303 catholici
2074 2250 2313 2303 norunt
2348 2250 2412 2303 et
2446 2239 2831 2314 admittunt;

442 2343 616 2423 quod
666 2353 883 2406 autem
936 2343 1294 2408 decisiones
1345 2344 1791 2425 disciplinares
1844 2344 1974 2407 sint
2027 2343 2479 2407 reformabiles
2530 2354 2595 2407 et
2648 2363 2830 2407 revo-

441 2446 698 2520 cabiles,
733 2447 856 2510 hoc
889 2447 1144 2511 abunde
1180 2457 1433 2511 constat
1471 2468 1554 2511 ex
1592 2448 1731 2530 ipsa
1770 2447 2068 2511 Historia
2103 2448 2551 2513 ecclesiastica.
2633 2446 2832 2529 Quod

442 2550 614 2613 enim
659 2571 779 2631 pro
825 2570 996 2614 nunc
1041 2561 1139 2615 est
1184 2551 1360 2628 utile,
1404 2572 1527 2633 pro
1574 2551 1860 2615 crastino
1906 2552 2028 2615 erit
2076 2551 2300 2616 inutile
2348 2562 2461 2615 aut
2506 2552 2830 2626 nocivum,

442 2656 714 2737 ideoque
769 2656 1151 2719 mutandum
1206 2665 1339 2731 est;
1392 2676 1510 2719 nec
1563 2656 1722 2719 haec
1779 2656 2052 2720 mutatio
2106 2656 2321 2737 arguit
2377 2654 2708 2720 defectum
2762 2655 2832 2717 in

441 2759 749 2833 Ecclesia,
789 2779 938 2822 cum
977 2759 1250 2822 mutatio
1292 2757 1401 2822 illa
1444 2758 1758 2823 fundetur
1798 2760 1865 2822 in
1904 2760 2188 2823 humana
2227 2759 2597 2823 conditione
2637 2769 2830 2839 atque

442 2863 509 2924 in
548 2862 875 2942 adjunctis
918 2862 983 2925 in
1023 2863 1256 2943 quibus
1297 2883 1652 2927 versamur.
1739 2863 2087 2938 Audiatur,
2128 2886 2189 2927 v.
2232 2884 2314 2945 g.,
2356 2863 2574 2927 Smus.
2615 2864 2699 2927 D.
2740 2863 2829 2926 N.

441 2965 832 3029 Benedictus
879 2966 1013 3029 XV
1058 2965 1190 3046 qui,
1237 2965 1405 3028 inter
1452 2986 1682 3029 causas
1730 2975 2065 3030 moventes
2113 2967 2196 3030 ad
2244 2986 2481 3031 novam
2531 2964 2830 3030 codifica-

438 3069 682 3131 tionem
738 3068 1124 3144 faciendam,
1176 3069 1342 3133 hanc
1391 3069 1688 3133 adducit:
1786 3069 2251 3133 “Saeculorum
2304 3070 2478 3133 enim
2532 3070 2828 3143 decursu,

439 3172 610 3253 leges
653 3172 1165 3254 quamplurimae
1209 3173 1611 3254 prodierunt,
1655 3194 1932 3253 quarum
1977 3174 2325 3236 nonnullae
2368 3184 2481 3237 aut
2528 3193 2829 3255 suprema

439 3275 765 3340 Ecclesiae
805 3275 1186 3340 auctoritate
1227 3277 1534 3358 abrogate
1574 3287 1726 3341 sunt
1766 3288 1879 3341 aut
1921 3278 2097 3358 ipsae
2138 3278 2627 3353 obsoleverunt;
2667 3295 2829 3339 non-

439 3380 653 3443 nullae
695 3400 852 3443 vero
896 3390 1010 3444 aut
1052 3400 1174 3461 pro
1219 3380 1587 3444 conditione
1629 3392 1997 3462 temporum
2044 3381 2332 3445 difficiles
2377 3382 2461 3443 ad
2506 3400 2829 3461 exequen-

439 3482 615 3557 dum,
657 3493 768 3546 aut
808 3484 1134 3547 communi
1175 3484 1467 3547 omnium
1506 3485 1678 3548 bono
1719 3484 1935 3549 minus
1976 3484 2044 3547 in
2083 3485 2597 3566 praesentiarum
2638 3484 2829 3548 utiles

438 3586 733 3650 minusve
766 3596 1170 3668 opportunae
1204 3588 1590 3652 evaserunt”
1635 3588 1933 3670 (Encycl.
1970 3587 2555 3652 Providentissima
2586 3588 2827 3662 Mater,

439 3690 542 3754 die
591 3690 869 3767 Pentec.,
914 3710 953 3754 a
1000 3690 1227 3771 1919).
1318 3692 1546 3773 Itaque
1591 3692 1883 3756 Ecclesia
1929 3712 2081 3756 suas
2125 3701 2340 3774 potest
2387 3691 2635 3773 optimo
2678 3690 2828 3772 jure

438 3804 690 3858 mutare
735 3794 926 3875 leges.

526 3897 707 3960 Nihil
752 3917 908 3979 ergo
953 3899 1106 3961 novi
1152 3899 1563 3980 protulerunt
1611 3899 2052 3964 Franciscales
2101 3898 2212 3973 illi,
2260 3899 2564 3979 nullaque
2611 3916 2826 3979 repre-

438 4000 748 4066 hensione
784 4012 898 4065 aut
934 4001 1286 4084 rejectione
1325 4002 1504 4085 digni
1544 4013 1695 4067 sunt
1734 4003 1933 4067 relate
1971 4002 2056 4066 ad
2095 4002 2217 4066 hoc
2254 4011 2585 4084 punctum.

524 4110 718 4191 Resp.
764 4110 849 4174 ad
894 4109 998 4190 3).
1086 4110 1372 4192 Joannes
1418 4110 1645 4186 XXII,
1692 4122 1767 4175 ut
1812 4120 1989 4194 patet
2036 4131 2120 4173 ex
2170 4110 2360 4175 Bulla
2406 4108 2623 4191 “Quia
2669 4128 2828 4190 quo·

440 4211 758 4278 rundam”
815 4213 1044 4296 (quam
1089 4213 1245 4278 citat
1289 4215 1367 4280 cl.
1411 4214 1678 4297 Joyce),
1725 4236 1858 4279 non
1905 4213 2118 4296 rejicit
2166 4212 2551 4279 sententiam
2599 4212 2826 4295 ipsam,

438 4317 553 4383 sed
591 4316 1086 4398 applicationem
1124 4317 1422 4399 eiusdem
1460 4318 1545 4382 ad
1584 4318 2049 4400 quaestionem,
2089 4338 2255 4400 quae
2296 4316 2669 4400 principalis
2709 4324 2827 4390 est,

439 4421 519 4485 de
549 4431 928 4504 paupertate
961 4420 1204 4487 Christi
1236 4432 1300 4487 et
1332 4423 1803 4506 Apostolorum
1834 4441 2085 4487 necnon
2117 4422 2198 4485 de
2228 4430 2609 4503 paupertate
2646 4418 2827 4483 fran-

497 4590 902 4717 ctFi-{tsnciscus
959 4592 1123 4659 Noel,
1179 4592 1524 4660 Theologiae
1581 4592 1795 4650 Suarez
1852 4592 2101 4659 Summa,
2158 4591 2222 4648 P.
2282 4592 2358 4657 11,
2414 4591 2606 4657 Diput.
2664 4588 2825 4654 XVI,

436 4678 496 4716 se
693 4704 706 4717 .
