3509 5267
542 529 663 592 104
841 529 942 593 De
980 528 1279 592 Clavium
1310 527 1666 591 Potestatis
1700 525 2070 590 Existentia
2106 526 2323 606 Atque
2360 526 2638 591 Natura.

536 711 913 792 nullumque
975 709 1499 793 peccatum—In
1563 710 1756 774 Decr.
1821 718 1942 790 pro
2004 708 2316 773 Armenis
2378 709 2459 772 de
2525 718 2931 773 sacramento

540 814 982 879 Poenitentiae
1022 814 1398 895 simpliciter
1436 812 1673 876 dicitur
1691 833 1731 876 :.
1790 811 2127 876 “Effectus
2167 812 2367 893 hujus
2409 813 2792 876 sacramenti
2832 822 2930 876 est

540 917 860 982 absolutio
914 938 954 981 a
1005 915 1685 999 peccatis’'⁰⁸.—-Conc.
1748 915 2201 980 Tridentinum
2254 915 2440 980 nobis
2498 914 2703 980 refert
2756 916 2932 997 quod

540 1019 988 1085 “Novatianos
1035 1020 1402 1084 remittendi
1449 1029 1835 1101 potestatem
1883 1018 2038 1083 olim
2084 1019 2499 1101 pertinaciter
2544 1021 2930 1100 negantes⁹⁹,

537 1145 773 1205 magna
828 1122 1078 1188 ratione
1133 1122 1423 1188 Ecclesia
1476 1123 1794 1187 catholica
1849 1132 2180 1203 tamquam
2237 1121 2594 1187 haereticos
2650 1121 2931 1204 explosit

538 1236 731 1309 atque
784 1225 1558 1290 condemnavit”¹⁰⁰.—Et
1611 1225 1874 1289 tandem
1929 1225 1995 1288 in
2048 1225 2404 1289 novissimo
2460 1225 2697 1290 Codice
2750 1225 2933 1291 Iuris

540 1328 854 1394 Canonici
897 1338 1311 1394 consecratur
1356 1338 1581 1393 nostra
1628 1328 2152 1393 constantissima
2199 1328 2494 1393 doctrina
2541 1330 2623 1393 de
2671 1316 2931 1393 univer-

538 1432 791 1496 salitate
830 1433 1110 1496 clavium
1149 1432 1326 1497 hisce
1365 1432 1615 1496 verbis:
1698 1431 1821 1495 “In
1862 1431 2296 1514 poenitentiae
2338 1441 2744 1497 sacramento
2788 1482 2803 1496 .
2851 1481 2868 1496 .
2913 1481 2928 1496 .

539 1535 956 1598 remittuntur
1018 1544 1283 1617 peccata
1344 1544 1493 1617 post
1554 1535 1949 1617 baptismum
2014 1533 2400 1600 commissa”
2477 1533 2672 1616 (Can.
2741 1532 2899 1614 870)
2913 1584 2929 1598 .

539 1638 905 1712 Praeterea,
963 1638 1307 1702 reiteratur
1362 1637 1671 1719 obligatio
1730 1637 2032 1702 “omnia”
2087 1647 2370 1720 peccata,
2429 1638 2720 1701 nondum
2777 1657 2931 1703 con·-

542 1740 738 1815 fessa,
780 1740 1127 1805 confitendi
1183 1740 1363 1821 (cfr.
1408 1741 1566 1806 Can.
1610 1740 1799 1822 901).

621 1859 931 1924 Scholion
983 1859 1257 1926 I.--Hic
1310 1881 1621 1943 quaerere
1673 1861 1896 1925 liceat:
1949 1881 2268 1942 quaenam
2319 1869 2584 1943 peccata
2637 1859 2929 1925 confiteri

538 1963 767 2026 debeat
802 1962 1043 2027 homo?
1123 1963 1290 2028 Cum
1328 1963 1566 2028 Codice
1602 1963 1785 2028 Iuris
1823 1963 2136 2028 Canonici
2182 1962 2358 2043 (can.
2398 1967 2517 2027 901
2557 1972 2622 2027 et
2661 1963 2750 2044 s.)
2795 1962 2930 2044 qui,

540 2075 980 2147 repraesentat
1028 2066 1218 2130 simul
1266 2077 1330 2131 et
1376 2066 1719 2131 confirmat
1769 2067 2103 2149 antiquam
2151 2067 2532 2142 doctrinam,
2583 2067 2931 2148 responde·-

537 2178 680 2232 tur:

621 2277 698 2358 a)
769 2278 993 2342 Homo
1052 2278 1345 2343 confiteri
1408 2280 1596 2344 debet
1654 2280 1876 2344 omnia
1934 2289 2198 2361 peccata
2258 2280 2578 2354 mortalia,
2640 2280 2930 2343 nondum

533 2392 859 2455 accusata,
900 2391 964 2445 et
1004 2401 1285 2481 quorum
1326 2381 2093 2459 meminit.—Praeterea,
2135 2382 2429 2447 confiteri
2473 2382 2661 2447 debet
2704 2402 2930 2446 omnes

538 2483 1075 2558 circumstantias,
1120 2505 1285 2565 quae
1329 2493 1582 2548 mutant
1628 2484 1910 2567 speciem
1952 2493 2384 2567 peccatorum.

622 2598 701 2679 b)
753 2600 982 2665 Potest
1026 2600 1243 2674 hom0,
1289 2610 1354 2664 et
1397 2600 1555 2664 utile
1597 2599 1788 2664 valde
1831 2611 1949 2676 est,
1996 2599 2289 2664 confiteri
2335 2609 2599 2684 peccata
2645 2600 2783 2728 jam
2832 2620 2931 2663 re-

538 2701 757 2777 missa,
797 2722 915 2766 nec
955 2723 1087 2766 non
1126 2711 1389 2784 peccata
1427 2701 1722 2767 venialia.

622 2819 934 2885 Scholion
993 2821 1069 2884 II
1071 2822 1272 2886 .-—De
1331 2820 1697 2902 praecipuis
1756 2819 2234 2884 difficultatibus
2294 2840 2458 2901 quae
2518 2819 2664 2902 fieri
2723 2819 2934 2884 solent

542 2932 769 2988 contra
805 2923 1359 2988 universalitatem
1397 2923 1694 2988 clavium.

1130 3091 1181 3154 1.
1268 3089 1690 3155 Dima-unates
1733 3112 1820 3155 ex
1861 3090 1932 3155 S.
1978 3089 2337 3171 Scriptura.

584 3272 589 3276 -
634 3227 745 3309 (a)
820 3227 1119 3292 Christus
1183 3226 1351 3291 dixit
1413 3227 1879 3310 blasphemiam
1942 3237 2169 3291 contra
2231 3225 2554 3307 Spiritum
2615 3225 2934 3291 Sanctum

540 3351 672 3395 non
704 3331 942 3394 remitti
973 3350 1182 3413 neque
1214 3331 1279 3393 in
1309 3330 1432 3394 hoc
1462 3351 1671 3411 neque
1702 3329 1770 3392 in
1803 3329 2031 3393 futuro
2065 3329 2322 3394 saeculo
2365 3328 2527 3410 (Mt.
2567 3331 2665 3404 12,
2701 3327 2846 3408 31).

624 3450 1324 3533 Resp.—.-Blasphemia
1358 3450 1486 3526 illa,
1520 3471 1685 3532 quae
1720 3450 1848 3514 alia
1881 3469 2011 3513 non
2045 3460 2144 3514 est
2177 3449 2302 3514 nisi
2337 3449 2640 3530 pertinax
2673 3449 2961 3530 negatio.

540 3563 733 3617 notae
770 3553 1083 3628 veritatis,
1120 3563 1253 3628 aut,
1292 3553 1648 3618 secundum
1685 3552 1870 3628 alios,
1909 3551 2396 3634 impoenitentia
2435 3551 2667 3629 finalis,
2707 3572 2933 3634 quam-

541 3654 643 3720 vis
686 3655 808 3720 hoc
852 3675 985 3719 non
1026 3653 1375 3719 verisimile
1422 3655 1525 3730 sit,
1569 3654 1721 3737 quia
1769 3655 2091 3720 Dominus
2135 3665 2364 3719 contra
2407 3655 2784 3737 pharisaeos
2828 3676 2933 3718 ar-

541 3757 796 3839 guebat,
859 3757 969 3839 qui
1033 3757 1356 3840 negabant
1417 3758 1589 3822 clare
1652 3757 2022 3841 pluriesque
2086 3758 2431 3840 probatum
2495 3758 2933 3823 characterem
3021 3751 3032 3764 ⁴

543 3859 997 3924 messianicum
1044 3848 1330 3936 Domini,
1377 3871 1451 3924 ut
1495 3861 1717 3925 videre
1763 3871 1861 3926 est
1907 3861 1975 3924 in
2022 3881 2160 3942 cap.
2213 3864 2290 3924 12
2342 3860 2408 3925 S.
2460 3858 2800 3935 Matthaei,
2847 3880 2934 3924 ex

542 3983 673 4044 quo
710 3962 1073 4026 desumitur
1108 3963 1425 4045 objecti03
1461 3963 1861 4046 blasphemia
1898 3963 2026 4039 illa,
2067 3963 2350 4045 inquam,
2388 3984 2521 4027 non
2564 3962 2934 4036 remittitur,

544 4063 727 4129 dist.:
776 4086 861 4129 ex
911 4064 1175 4130 defectu
1221 4067 1560 4147 potestatis
1607 4067 1711 4132 vel
1757 4066 2110 4148 voluntatis
2159 4066 2230 4130 in
2278 4067 2420 4131 Deo
2468 4066 2696 4147 ejusve
2743 4065 2934 4129 mini-

545 4166 716 4243 stris,
761 4188 943 4249 neg.;
986 4189 1070 4232 ex
1116 4168 1379 4232 defectu
1425 4169 1713 4234 sincerae
1757 4165 2191 4251 poenitentiae
2237 4169 2307 4232 in
2350 4181 2708 4252 peccatore,
2753 4189 2932 4233 conc.

547 4269 678 4334 Sed
734 4269 838 4334 hic
893 4269 1191 4335 defectus
1246 4271 1337 4334 nil
1398 4270 1559 4336 facit
1612 4281 1840 4336 contra
1894 4272 2174 4337 clavium
2232 4273 2804 4347 universalitatem,
2860 4281 2937 4336 ut

542 4382 755 4453 patet;
798 4392 973 4454 ergo.

625 4545 685 4586 ⁹8
720 4547 860 4603 Ibid.
892 4566 944 4604 n.
976 4549 1092 4604 699.

626 4619 683 4660 ⁹⁰
703 4621 852 4687 Quia
890 4623 1173 4679 immerito
1214 4625 1631 4692 restringentes

626 4693 713 4732 1⁰⁰
730 4695 1091 4764 Denz.-Ban.,
1137 4716 1190 4753 n.
1234 4699 1349 4753 894.
