3509 5267
1454 995 2090 1073 PRAEFATIO.

722 1193 784 1257 N
793 1192 1344 1258 IVERSARUM
1386 1213 1602 1257 rerum
1641 1193 1914 1257 Creator
1950 1195 2234 1276 optimus
2272 1196 2641 1261 “hominem
2682 1200 2968 1261 rectum'’

775 1302 1065 1366 condidit
1117 1302 1326 1382 (Eccl.
1371 1306 1428 1375 7,
1471 1302 1588 1381 39)
1617 1322 1632 1376 ;
1675 1312 1921 1391 rectum
1962 1302 2222 1384 quidem
2264 1306 2541 1369 naturali
2586 1306 2967 1371 rectitudine

579 1406 830 1480 mentis,
863 1406 1078 1472 cordis
1111 1416 1304 1487 atque
1335 1406 1724 1481 voluntatis;
1761 1416 2008 1471 rectum
2044 1407 2239 1472 etiam
2275 1418 2541 1490 propter
2575 1408 2747 1474 dona
2780 1430 2965 1492 prae-

579 1510 997 1575 ternaturalia
1061 1520 1256 1591 atque
1320 1510 1858 1592 supernaturalia,
1924 1511 2157 1602 quibus
2224 1510 2435 1593 ipsum
2499 1522 2635 1576 tam
2702 1512 2966 1594 largiter

579 1614 937 1677 exornavit.
1036 1613 1133 1677 Re
1185 1614 1447 1695 quidem
1501 1634 1676 1689 vera,
1732 1615 1800 1677 in
1857 1614 2235 1680 felicissimo
2288 1616 2578 1697 justitiae
2630 1617 2963 1699 originalis

578 1727 768 1791 statu,
821 1727 956 1781 tam
1009 1716 1287 1782 naturali
1339 1738 1536 1799 quam
1587 1719 2062 1800 supernaturali
2118 1719 2384 1783 scientia
2438 1720 2769 1801 praeditus
2824 1731 2963 1784 erat

577 1821 806 1896 homo;
848 1841 961 1885 cor
1003 1821 1150 1902 ejus
1193 1830 1387 1902 atque
1430 1822 1732 1886 voluntas
1778 1822 1972 1887 nullis
2018 1833 2203 1886 erant
2248 1823 2468 1905 pravis
2509 1824 2963 1888 affectionibus

574 1924 817 1998 vitiata,
855 1944 1062 2007 neque
1100 1944 1254 1990 caro
1287 1926 1780 2006 concupiscebat
1817 1927 2129 1990 adversus
2170 1926 2489 2008 spiritum,
2528 1947 2737 2009 neque
2776 1928 2961 2010 spiri-

575 2037 680 2090 tus
737 2028 1051 2091 adversus
1107 2046 1388 2091 carnem.
1491 2028 1754 2093 Primus
1814 2029 2009 2092 homo
2070 2050 2322 2093 summa
2386 2030 2726 2095 fruebatur
2784 2052 2961 2112 pace,

573 2150 719 2194 cum
762 2140 938 2195 totus
979 2142 1148 2195 esset
1191 2142 1383 2213 atque
1425 2132 1717 2214 perfecte
1762 2133 2057 2197 subditus
2102 2132 2261 2197 Deo.
2354 2134 2507 2197 Non
2552 2132 2962 2197 mediocriter

573 2233 847 2314 augebat
884 2233 1258 2297 felicitatem
1297 2235 1470 2298 illam
1508 2235 1933 2300 immunitatis
1972 2236 2235 2310 donum,
2273 2257 2387 2301 seu
2422 2237 2707 2300 carentia
2742 2238 2961 2302 totalis

573 2357 1050 2414 aerumnarum,
1102 2336 1520 2402 afflictionum
1571 2348 1764 2420 atque
1815 2340 2149 2414 dolorum;
2200 2341 2303 2404 cui
2356 2340 2530 2404 dono
2584 2340 2961 2411 sociandum

573 2451 670 2504 est
721 2440 1222 2506 immortalitatis
1275 2443 1538 2517 donum,
1591 2463 1722 2524 quo
1773 2443 2148 2524 contigisset
2200 2443 2525 2507 hominem
2578 2466 2613 2507 e
2667 2454 2841 2509 terra
2894 2444 2959 2507 in

570 2544 818 2608 caelum
861 2544 1230 2621 transferri,
1275 2566 1406 2609 non
1449 2556 1867 2628 praegustato
1913 2548 2140 2611 mortis
2183 2547 2380 2611 calice
2424 2568 2667 2611 amar0.
2759 2548 2960 2611 Hisce

572 2668 701 2711 non
737 2659 1076 2713 contentus
1114 2648 1456 2725 DominuS,
1490 2650 1702 2721 adhuc
1738 2650 1943 2731 magis
1979 2650 2308 2714 hominem
2347 2650 2676 2726 exaltavit,
2716 2651 2957 2733 ipsum-

571 2772 695 2831 que
746 2752 1054 2816 filiatione
1102 2753 1409 2835 adoptiva
1459 2754 1749 2827 adauxit,
1803 2764 1874 2817 ut
1923 2764 2058 2818 tam
2110 2754 2175 2816 in
2225 2765 2399 2818 terra
2450 2774 2644 2835 quam
2696 2755 2762 2817 in
2816 2754 2957 2836 ipso

570 2856 748 2919 caelo
792 2875 922 2919 non
969 2856 1134 2920 sicut
1181 2878 1409 2921 servus
1455 2866 1622 2921 esset
1679 2857 1890 2938 (quod
1936 2868 2169 2922 natura
2216 2857 2419 2937 erat),
2469 2858 2581 2921 sed
2629 2868 2957 2938 tamquam

570 2958 740 3023 filius
781 2960 845 3022 in
887 2961 1082 3024 domo
1123 2981 1258 3024 sua.

654 3080 784 3144 Sed
815 3081 980 3161 proh
1013 3080 1232 3144 dolor!
1310 3081 1531 3145 Homo
1563 3082 1770 3144 noluit
1800 3102 2149 3162 agnoscere
2181 3092 2277 3144 tot
2310 3092 2615 3163 tantaque
2647 3082 2955 3145 beneficia

571 3184 810 3258 divina,
860 3184 974 3248 sed
1023 3184 1250 3248 maluit
1298 3205 1490 3248 aures
1539 3185 1847 3265 praebere
1903 3184 2242 3249 fallacibus
2293 3185 2530 3249 diaboli
2580 3184 2956 3267 promissio-

567 3287 775 3362 nibuS‚
817 3298 879 3351 et
921 3287 1013 3351 sic
1052 3286 1269 3351 amisit
1311 3288 1430 3352 sibi
1473 3286 1734 3370 suisque
1786 3288 2062 3369 posteris
2098 3299 2232 3352 tam
2272 3288 2722 3369 superexcelsa
2762 3288 2951 3352 dona.

569 3390 768 3455 Dives
806 3400 1022 3453 tamen
1058 3391 1124 3453 in
1157 3391 1600 3454 misericordia
1637 3392 1815 3455 Deus
1852 3410 1982 3453 non
2019 3389 2274 3470 reliquit
2308 3387 2635 3451 hominem
2672 3386 2739 3449 in
2774 3396 2953 3450 tanta

565 3494 825 3558 miseria
884 3494 1271 3569 demersum,
1334 3494 1518 3576 eique
1578 3494 1916 3576 proprium
1982 3493 2219 3557 Filium
2284 3491 2402 3556 sibi
2465 3489 2952 3555 dilectissimum

565 3596 741 3661 dedit
787 3597 1210 3662 Salvatorem.

650 3717 876 3799 Longo
922 3718 1173 3781 labente
1217 3728 1526 3799 tempore,
1573 3718 1873 3783 Christus
1918 3718 2218 3800 apparuit
2264 3717 2331 3780 in
2375 3716 2586 3789 terris,
2632 3723 2951 3778 nostram—

565 3840 687 3900 que
722 3821 994 3885 salutem
1028 3832 1333 3903 operatus
1368 3832 1465 3885 est
1499 3831 1692 3903 atque
1727 3823 1812 3886 ad
1848 3832 2087 3885 statum
2117 3820 2371 3907 ‘gratiae
2409 3819 2658 3882 animas
2695 3827 2951 3881 nostras

566 3924 864 3997 restituit,
927 3945 1043 4007 per
1105 3946 1290 4001 suam
1351 3925 1734 4007 passionem
1783 3934 1975 4006 atque
2039 3933 2313 3987 mortem
2377 3920 2948 3986 dolorosissimam.

565 4026 618 4088 F
619 4026 890 4091 undavit
923 4028 1116 4091 etiam
1151 4028 1507 4092 Ecclesiam
1543 4049 1746 4102 suam,
1780 4038 1853 4091 ut
1885 4038 2053 4091 esset
2086 4027 2233 4107 ejus
2265 4025 2475 4089 activa
2510 4023 2951 4088 continuatrix

563 4128 630 4191 in
676 4149 870 4211 opere
920 4130 1294 4195 salvationis
1343 4131 1700 4205 humanae;
1749 4131 1815 4192 in
1864 4150 2065 4211 eaque
2114 4139 2360 4209 septem
2411 4126 2688 4191 instituit
2737 4146 2949 4189 sacra-

561 4241 796 4306 menta,
860 4233 1016 4313 “per
1075 4254 1239 4314 quae
1297 4234 1509 4297 omnis
1569 4254 1723 4298 vera
1784 4233 2036 4314 justitia
2095 4233 2196 4295 vel
2257 4230 2499 4312 incipit,
2559 4229 2662 4294 vel
2722 4239 2950 4310 coepta

559 4345 852 4416 augetur,
888 4336 989 4399 vel
1023 4337 1264 4401 amissa
1301 4336 1680 4418 reparatur'’
1725 4336 1923 4417 (Con.
1960 4334 2140 4398 Trid.
2179 4355 2333 4398 sess,
2373 4338 2408 4397 ’7
2445 4334 2512 4396 in
2547 4332 2946 4414 prooemio).

641 4452 926 4534 Justitia,
981 4474 1097 4536 per
1150 4464 1483 4537 peccatum
1540 4456 1812 4519 mortale
1864 4465 2012 4537 post
2070 4453 2475 4534 Baptismum
2530 4451 2947 4516 commissum

560 4556 818 4631 amissa,
889 4576 1006 4638 per
1075 4568 1369 4622 sanctum
1443 4558 1888 4622 Poenitentiae
1963 4565 2380 4639 recuperatur
2453 4564 2947 4626 sacramentum,

1740 4722 1767 4751 V
