3509 5267
507 497 594 561 46
814 499 930 562 De'
953 496 1008 563 C
1007 496 1251 561 lovium
1284 497 1638 562 Potes-tatis
1672 497 2044 563 Existentia
2076 496 2296 579 Atque
2332 498 2612 565 Natura.

605 678 738 760 (B)
801 680 1050 743 Textus
1097 678 1468 759 explanatio
1520 678 1921 744 brevis.—In
1970 677 2199 761 primis
2250 680 2573 746 Dominus
2623 681 2901 745 orationi

512 783 844 857 incumbit,
881 793 947 846 et
987 783 1247 865 quidem
1289 784 1486 858 solus,
1525 793 1598 846 ut
1640 782 1849 846 refert
1887 782 1958 848 S.
1999 784 2232 860 Lucas,
2275 788 2334 859 9,
2380 787 2478 861 18,
2518 805 2669 849 nam
2710 805 2904 865 agere

512 888 788 952 intendit
816 887 896 950 de
926 908 996 951 re
1023 887 1258 951 summi
1289 887 1618 951 momenti.
1692 887 1945 951 Deinde
1975 908 2129 952 suos
2157 888 2509 971 discipulos
2538 910 2623 953 ex
2653 889 2905 971 Judaea

511 1002 576 1055 et
633 990 922 1056 Galilaea
977 991 1286 1066 extraxit,
1343 1012 1582 1073 eosque
1640 992 1819 1055 ducit
1877 991 1945 1054 in
2003 992 2437 1067 solitudinem,
2495 993 2627 1068 ubi,
2687 1003 2902 1057 mente

510 1116 758 1171 serena,
793 1116 943 1159 cum
980 1096 1196 1161 nullus
1231 1096 1544 1161 mirabilis
1581 1106 1853 1161 eventus
1889 1096 2297 1178 praeceserit,
2336 1097 2626 1179 accipere
2663 1106 2902 1178 queant

511 1200 873 1264 doctrinam
925 1201 1007 1264 de
1061 1200 1304 1265 Christi
1355 1200 1694 1264 divinitate
1747 1211 1812 1265 et
1864 1200 2227 1265 doctrinam
2279 1222 2407 1283 qua
2462 1201 2697 1266 Petrus
2747 1221 2903 1265 con-

509 1304 801 1368 stituitur
831 1305 1156 1369 Ecclesiae
1192 1305 1692 1369 fundamentum
1723 1315 1917 1387 atque
1954 1304 2331 1387 SupremuS,
2363 1316 2512 1388 post
2547 1304 2903 1381 Christum,

509 1408 712 1489 ipsius
750 1409 1077 1473 Ecclesiae
1118 1409 1352 1474 Pastor
1390 1419 1453 1473 et
1493 1410 1749 1475 Rector.

602 1534 713 1615 (a)
774 1534 958 1598 Petri
1007 1535 1332 1616 confessio
1383 1535 2148 1617 moriam—Antequam
2199 1536 2520 1601 Dominus
2572 1536 2656 1600 ad
2710 1556 2902 1601 suum

508 1637 828 1702 intentum
863 1640 1216 1721 principale
1252 1640 1608 1721 perveniat,
1645 1640 1858 1705 adhuc
1896 1640 2418 1723 praeliminarem
2454 1640 2901 1722 quaestionem

507 1744 842 1826 Apostolis
885 1745 1210 1827 proponit,
1256 1766 1337 1809 ne
1382 1746 1827 1827 magnitudine
1874 1746 2247 1828 principalis
2293 1747 2565 1829 quaesiti
2611 1758 2901 1811 terrean-

508 1858 634 1923 tur,
700 1848 780 1911 de
843 1850 1064 1931 populi
1130 1851 1433 1931 opinione
1497 1851 1668 1915 circa
1733 1872 1920 1914 suam
1985 1851 2273 1915 divinam
2337 1851 2898 1934 personalitatem:

506 1951 765 2033 “Quem
783 2016 788 2021 ,
809 1952 1031 2017 dicunt
1075 1954 1372 2019 homines
1413 1975 1554 2019 esse
1602 1955 1841 2018 Filium
1886 1955 2168 2019 hominis
2184 1954 2448 2020 ?”—Ad
2491 1955 2659 2020 hanc
2704 1975 2901 2038 quae-

507 2058 782 2121 stionem
822 2059 1036 2123 subito
1076 2060 1468 2139 respondent
1507 2080 1732 2124 omnes
1773 2060 2095 2142 Apostoli,
2137 2071 2201 2124 et
2240 2061 2307 2123 in
2349 2060 2635 2124 medium
2673 2059 2899 2141 profe-

508 2164 658 2224 runt'
691 2163 1070 2243 popularem
1107 2164 1422 2227 sentiendi
1459 2166 1724 2228 modum
1763 2165 1844 2228 de
1882 2164 2177 2229 Christo:
2257 2164 2389 2227 “At
2426 2164 2517 2227 illi
2555 2164 2895 2227 dixerunt:

504 2264 639 2328 Alii
667 2265 986 2347 Joannem
1018 2267 1400 2349 Baptistam,
1431 2269 1538 2332 alii
1570 2279 1790 2333 autem
1820 2268 2033 2332 Eliam
2081 2318 2094 2332 .
2143 2318 2157 2332 .
2206 2267 2263 2332 .”
2336 2268 2444 2331 Ex
2474 2289 2603 2350 qua
2633 2288 2899 2350 respon-

506 2374 686 2438 sione
723 2374 1064 2437 deducitur
1097 2373 1443 2455 Judaicum
1479 2373 1793 2454 populum
1832 2371 2166 2436 Christum
2204 2371 2559 2435 Dominum
2595 2370 2897 2434 habuisse

505 2478 766 2560 quidem
816 2487 1147 2558 tamquam
1200 2478 1527 2541 hominem
1577 2476 2076 2558 privilegiatum,
2128 2486 2460 2557 tamquam
2513 2475 2635 2538 Dei
2691 2474 2897 2554 Lega-

503 2594 643 2648 tum
679 2584 991 2659 divinum,
1025 2584 1290 2647 minime
1325 2604 1481 2647 vero
1514 2594 1848 2664 tamquam
1887 2582 2200 2652 Messiam
2238 2574 2897 2663 toties‘promissum;

491 2688 656 2770 quia
697 2708 846 2752 eum
885 2689 1146 2753 videbat
1185 2709 1538 2770 pauperem
1580 2700 1644 2752 et
1684 2687 2016 2762 humilem,
2057 2687 2215 2752 dum
2234 2720 2239 2725 ·
2258 2686 2673 2767 exspectabat
2719 2685 2897 2749 Mes-

505 2792 667 2854 siam
710 2791 1065 2872 gloriosum
1107 2812 1183 2855 ac
1225 2800 1731 2873 praepotentem,
1778 2790 1888 2871 qui
1936 2790 2303 2854 restitueret
2348 2788 2687 2870 antiquum
2731 2788 2896 2869 poli-

501 2896 701 2959 ticum
739 2906 981 2960 statum
1018 2895 1238 2959 Israel.

590 3015 719 3079 Sed
779 3016 1176 3097 praeteriens
1239 3017 1617 3097 popularem
1681 3015 2071 3096 opinionem,
2120 3026 2123 3031 '
2136 3013 2272 3094 jam
2334 3028 2536 3076 nunc·
2572 3010 2896 3075 Dominus

502 3122 709 3202 ipsam
769 3123 1182 3205 praecipuam
1243 3143 1400 3197 rem,
1460 3143 1656 3203 quam
1717 3122 2110 3196 intendebat,
2170 3121 2397 3202 tangit,
2460 3141 2569 3194 sc„
2631 3117 2895 3182 indubie

502 3237 694 3309 atque
746 3229 916 3292 clare
969 3250 1122 3293 suos
1177 3228 1408 3292 docere
1459 3230 1815 3310 Apostolos
1868 3232 2053 3292 su’am
2106 3227 2530 3302 divinitatem,
2558 3224 2893 3307 -Petrique

500 3334 819 3415 potiorem
862 3328 1419 3416 principalitatem.
1506 3336 1724 3417 Atque
1766 3334 1850 3398 ad
1891 3335 2014 3398 hoc
2054 3332 2495 3408 obtinendum,
2538 3332 2893 3414 Apostolos

501 3440 677 3521 ipsos
717 3440 1072 3522 interrogat
1113 3442 1192 3505 de
1233 3442 1498 3522 propria
1540 3442 1831 3522 ipsorum
1872 3441 2193 3523 opinione.
2280 3441 2439 3517 Vos,
2482 3438 2710 3520 inquit,
2750 3459 2890 3512 VOS,

500 3546 610 3627 qui
665 3568 875 3609 meam
927 3547 1287 3611 doctrinam
1341 3548 1650 3623 audistis;
1702 3568 1842 3622 vOS,
1894 3547 2128 3628 quibus
2181 3546 2475 3610 eamdem
2529 3543 2890 3609 doctrinam

499 3653 737 3717 clarius
792 3663 856 3716 et
911 3654 1274 3718 accuratius
1330 3654 1641 3735 exposui;
1697 3674 1836 3728 vos,
1893 3653 2002 3732 qui
2058 3654 2327 3735 propius
2382 3652 2639 3717 vidistis
2693 3672 2894 3733 opera

500 3778 644 3821 mea
663 3779 678 3833 ;
729 3780 867 3833 VOS,
919 3758 1028 3839 qui
1080 3780 1120 3822 a
1169 3759 1488 3841 principio
1539 3779 1719 3822 meae
1770 3758 2063 3841 publicae
2116 3758 2288 3822 vitae
2341 3779 2593 3822 mecum
2650 3756 2889 3831 fuistis,

499 3864 658 3928 “vos
691 3874 928 3938 autem,
963 3886 1154 3947 quem
1190 3887 1292 3929 me
1326 3886 1466 3929 esse
1502 3864 1800 3929 dicitis''?

585 3991 903 4072 Magnum
956 4002 1148 4072 atque
1199 3991 1607 4073 profundum
1661 4001 1953 4055 secutum
2008 4000 2105 4055 est
2158 3990 2518 4077 silentium!
2620 3988 2889 4053 Interim

501 4097 734 4161 Petrus
778 4097 1201 4178 perfunditur
1245 4098 1485 4161 lumine
1530 4120 1570 4162 a
1615 4099 1811 4161 Patre
1855 4098 2134 4172 caelesti,
2180 4106 2373 4179 atque
2416 4097 2646 4162 videns
2692 4097 2887 4159 “suos

469 4203 972 4285 condiscipulos
1011 4214 1297 4268 tacentes
1339 4215 1402 4268 et
1443 4204 1915 4286 aliquantulum
1956 4204 2324 4268 dubitantes
2366 4203 2524 4285 quid
2568 4203 2891 4284 dicerent;

496 4309 728 4372 deinde
775 4307 1055 4388 (sciens)
1099 4309 1274 4391 quod
1309 4310 1481 4390 apud
1515 4310 1767 4389 aliquos
1801 4309 2271 4373 commilitones
2308 4329 2461 4373 suos
2496 4308 2713 4389 aliqua
2748 4316 2889 4370 erat

495 4416 769 4479 tarditas
816 4415 883 4477 in
929 4414 1056 4478 fide
1076 4436 1093 4491 ;
1139 4435 1220 4479 ne
1266 4435 1421 4496 ergo
1467 4416 1700 4498 aliquis
1746 4436 1831 4479 ex
1876 4415 2334 4496 condiscipulis
2381 4413 2625 4495 aliquid
2670 4408 2887 4478 minus

495 4521 729 4586 decens
776 4541 852 4585 ac
899 4521 1204 4586 idoneum
1248 4522 1332 4585 de
1382 4522 1642 4587 Christo
1689 4522 2040 4604 proferret,
2087 4522 2226 4604 ipse
2273 4521 2455 4604 prior
2503 4541 2885 4603 responsum

492 4626 851 4709 praeripuit
886 4648 981 4702 ac,
1020 4638 1092 4692 ut
1128 4628 1220 4691 ait
1256 4626 1326 4692 S.
1370 4628 1621 4711 Chrys„
1658 4628 1982 4710 prosilivit
2030 4627 2202 4710 (Syl.
2242 4628 2406 4704 sim„
2444 4626 2715 4692 Grimm.
2759 4625 2885 4701 III,
