3509 5267
887 493 990 557 De
1029 492 1328 557 Cluvium
1359 493 1714 557 Potestatis
1748 492 2119 556 Existentia
2153 492 2371 573 Atque
2407 491 2685 554 Natura.
2910 491 2995 553 57

611 674 964 740 Ecclesiam
1010 675 1263 739 „team”
1318 675 1481 755 (Mt.
1531 679 1630 752 16,
1680 674 1937 756 18-19).
2027 676 2205 757 Ergo
2250 675 2511 756 quando
2559 673 2859 747 Christus
2906 674 2999 737 lo-

608 776 829 860 quitur
868 779 949 843 de
989 770 1382 853 “Ecclesia'',
1424 798 1556 843 non
1599 798 1929 860 synagoga
1971 777 2384 860 intelligenda
2426 786 2545 853 est,
2586 778 2699 842 sed
2743 776 2853 841 illa
2895 796 2999 840 so-

607 879 806 944 cietas
840 901 880 945 a
917 880 1178 945 Christo
1218 881 1532 957 instituta,
1569 902 1733 963 quae
1775 881 1987 962 Caput
2024 882 2216 945 habet
2256 880 2525 945 Petrum
2564 879 2998 961 Pastoresque

607 981 889 1065 reliquos
925 983 1297 1065 Apostolos,
1378 984 1528 1049 Hoc
1564 984 1830 1051 evidens
1865 1005 2007 1049 esse
2042 984 2367 1048 affirmant
2401 984 2505 1048 vel
2542 982 2665 1065 ipsi
2700 982 2997 1045 moderni

608 1084 990 1167 interpretes
1030 1095 1484 1169 protestantes,
1528 1110 1590 1151 v.
1632 1108 1714 1169 g.,
1760 1086 1932 1163 Keil,
1981 1087 2212 1163 Weiss,
2256 1087 2338 1149 M
2337 1088 2536 1151 ansel.
2625 1083 2770 1149 cfr.
2815 1083 2998 1147 Kna-

606 1187 950 1264 benbauer,
992 1188 1032 1253 l.
1073 1210 1128 1254 c.

690 1288 888 1370 Quod
925 1300 1142 1356 autem
1179 1292 1619 1375 intelligantur
1651 1296 1984 1374 praesules
2020 1292 2367 1367 Ecclesiae,
2404 1302 2468 1356 et
2504 1311 2635 1355 non
2674 1289 2996 1372 simplices

606 1393 849 1469 fideleS,
884 1403 1080 1477 patet,
1114 1395 1348 1476 prium,
1383 1416 1469 1460 ex
1505 1416 1582 1461 eo
1617 1398 1813 1477 quod,
1852 1397 1905 1461 si
1942 1396 2087 1478 quis
2122 1395 2419 1460 ordinate
2455 1394 2805 1477 procedere
2841 1392 2996 1457 velit

607 1496 674 1559 in
722 1497 943 1579 aliquo
990 1498 1250 1579 negotio
1297 1498 1383 1562 ad
1433 1499 1715 1581 aliquam
1768 1500 2139 1564 societatem
2190 1498 2541 1581 pertinens,
2594 1516 2726 1561 non
2781 1515 2995 1561 recur-

607 1620 751 1664 sum
794 1599 990 1664 faciet
1027 1602 1112 1665 ad
1151 1601 1463 1677 subditos,
1503 1603 1618 1667 sed
1655 1603 1739 1666 ad
1778 1604 2102 1685 praelatos
2143 1600 2313 1665 illius
2354 1599 2715 1675 societatis;
2756 1598 2995 1664 subditi

607 1701 779 1766 enim
835 1701 994 1765 nihil
1056 1702 1272 1768 facere
1328 1706 1938 1786 possunt—Altera
1994 1705 2160 1769 ratio
2216 1724 2339 1787 pro
2395 1712 2621 1766 nostra
2678 1700 2998 1765 sententia

605 1804 947 1869 deducitur
1004 1826 1090 1870 ex
1151 1816 1478 1871 contextu.
1586 1807 1885 1873 Christus
1947 1809 2122 1873 enim
2186 1805 2456 1872 docebat
2519 1805 2868 1888 apostolos,
2933 1812 2996 1866 et

604 1906 868 1989 quidem
911 1909 1118 1997 solos;
1162 1929 1318 1991 ergo
1361 1910 1731 1975 intendebat
1779 1912 2100 1975 Dominus
2143 1920 2216 1974 ut
2258 1929 2491 1973 causae
2537 1909 2621 1972 ad
2666 1908 2841 1989 ipsos
2886 1907 2997 1969 de·

609 2008 959 2085 ferrentur,
1003 2032 1153 2075 cum
1200 2011 1321 2094 ipsi
1368 2014 1563 2078 duces
1610 2014 1942 2079 constituti
1994 2014 2260 2088 fuerint,
2308 2032 2441 2076 non
2486 2021 2706 2076 autem
2750 2011 2835 2074 ad
2880 2030 2997 2092 po·-

603 2110 1162 2193 pulum—Tertia
1193 2115 1360 2179 ratio
1389 2126 1507 2191 est,
1544 2117 1684 2199 ipsa
1716 2117 1979 2197 judaica
2012 2115 2399 2180 mentalitaS.
2476 2112 2788 2195 Judaicus
2823 2112 2997 2176 enim

601 2215 882 2297 populus
919 2217 1308 2297 agnoscebat
1345 2218 1632 2285 seniores
1669 2231 1734 2284 et
1772 2219 2040 2284 omnino
2079 2218 2417 2300 ignorabat
2456 2237 2777 2280 summam
2815 2224 2997 2297 pote-

605 2326 839 2382 statem
900 2339 1100 2400 penes
1161 2322 1473 2401 populum
1534 2342 1694 2387 esse.
1787 2322 2071 2386 Proinde
2137 2321 2191 2386 si
2260 2320 2560 2385 Christus
2627 2338 2995 2401 supremam

604 2429 991 2500 potestatem
1042 2443 1240 2504 penes
1291 2424 1604 2506 populum
1658 2445 1801 2489 esse
1854 2424 2166 2488 voluisset
2221 2424 2289 2485 in
2346 2442 2463 2486 sua
2519 2420 2829 2495 Ecclesia,
2883 2420 2997 2483 de·

602 2521 848 2588 buisset
884 2523 1008 2588 hoc
1046 2525 1381 2607 Apostolis
1419 2528 1767 2592 declarare.
1853 2526 1983 2592 Sed
2022 2527 2145 2589 hoc
2184 2546 2317 2589 non
2360 2524 2535 2599 fecit,
2578 2523 2777 2587 immo
2815 2522 2997 2603 Apo-

544 2680 549 2686 .
605 2624 806 2690 stolos
855 2626 1099 2708 selegit,
1147 2639 1210 2692 et
1260 2649 1371 2694 eos
1420 2629 1725 2712 privatim
1776 2628 1995 2693 docuit
2045 2628 2374 2711 quomodo
2425 2626 2715 2690 Ecclesia
2765 2624 2996 2705 guber-

603 2727 820 2791 nanda
879 2740 1068 2793 esset.
1153 2730 1331 2813 Ergo
1391 2731 1763 2796 intendebat
1821 2730 2206 2814 gubernium
2270 2727 2598 2792 Ecclesiae
2661 2726 2997 2808 Apostolis

604 2827 985 2911 relinquere,
1026 2852 1158 2896 non
1199 2834 1461 2917 populo,
1501 2835 1775 2915 ideoque
1817 2835 1902 2898 ad
1944 2834 2121 2915 ipsos
2164 2831 2627 2897 recurrendum
2667 2838 2786 2894 est.
