3509 5267
918 545 1019 608 De
1059 543 1357 608 Cluvium
1390 541 2150 607 PotestatisExistentia
2184 541 2400 621 Atque
2436 541 2714 604 Natura.
2931 541 3016 604 83

625 723 1113 807 “justificationi
1155 723 1609 788 necessarium
1667 733 1767 786 est
1824 721 2231 804 propositum
2289 720 2681 786 confitendi”
2739 731 2805 786 et
2863 721 3017 803 quia

625 827 997 892 “confessio
1028 826 1323 891 instituta
1355 837 1453 890 est
1482 827 1603 890 sub
1635 824 2022 906 praecepto”
2064 823 2488 906 (Quaracchi,
2522 835 2678 890 tom.
2714 824 2833 900 IV,
2867 844 3014 907 pag.

626 929 817 1011 432),
854 940 919 995 et
955 929 1150 993 etiam
1187 929 1430 993 bonum
1467 938 1585 1002 est,
1622 939 1696 992 ut
1732 928 1997 993 accedat
2033 929 2118 992 ad
2154 927 2636 1018 confessionem
2675 928 2872 992 homo
2910 927 3016 991 ille

627 1033 752 1096 “ad
812 1031 1322 1097 erubescentiam
1368 1082 1383 1096 .
1431 1081 1445 1095 .
1492 1081 1508 1095 .
1552 1031 1636 1095 ad
1697 1030 2212 1095 humiliationem
2273 1041 2337 1095 et
2399 1031 2646 1113 gratiae
2708 1050 3016 1111 augmen-

628 1134 829 1210 tum”,
880 1154 1133 1198 necnon
1184 1135 1268 1198 ad
1320 1134 1640 1216 majorem
1692 1134 2145 1199 certitudinem
2208 1133 2411 1215 (Ibid.
2465 1154 2611 1216 pag.
2665 1134 2853 1214 450).
2952 1133 3018 1196 A

633 1236 893 1301 fortiori
962 1247 1220 1301 tenetur
1290 1239 1595 1302 accedere
1665 1237 1751 1301 ad
1821 1236 2303 1302 confessionem
2375 1237 2572 1301 homo
2643 1236 3019 1318 simpliciter

627 1339 909 1404 attritus,

716 1457 962 1537 Itaque,
984 1494 989 1498 -
1013 1456 1368 1521 secundum
1422 1455 1490 1521 S.
1542 1457 2040 1521 Bonaventurae
2088 1467 2390 1533 mentem,
2439 1457 2524 1521 ad
2575 1457 3018 1539 quaestionem

628 1558 828 1623 hanct
941 1558 1181 1623 Utrum
1238 1560 1544 1624 sacerdos
1606 1561 1864 1640 culpam
1924 1549 2136 1624 delere
2196 1560 2424 1642 possit,
2487 1558 2578 1624 sic
2642 1561 3018 1644 responderi

630 1671 877 1743 potest:
932 1661 1134 1725 Dist.:
1189 1661 1315 1724 “ex
1368 1661 1501 1737 se”,
1552 1682 1733 1743 neg.;
1789 1662 1941 1744 quia
1992 1662 2116 1727 hoc
2172 1661 2391 1726 facere
2443 1682 2574 1726 non
2628 1673 2841 1745 potest
2892 1662 3018 1726 nisi

631 1763 847 1839 Deus;
889 1784 1007 1845 per
1049 1764 1316 1829 modum
1360 1765 1766 1847 deprecantis
1810 1776 1875 1830 et
1919 1765 2345 1848 impetrantis,
2391 1786 2505 1830 seu
2551 1763 2934 1830 auctoritate
2981 1786 3020 1828 a

633 1866 774 1931 Deo
822 1867 994 1943 data,
1042 1867 1263 1931 subd.:
1356 1867 1427 1932 Si
1478 1867 1675 1933 homo
1723 1867 2200 1950 “justificatus”
2248 1869 2332 1934 sit
2380 1889 2498 1952 per
2545 1869 3020 1943 contritionem,

632 1989 813 2050 neg.;
865 1969 1057 2051 “quia
1108 1970 1299 2052 culpa
1349 1970 1488 2052 jam
1542 1971 1751 2036 deleta
1805 1971 1945 2036 est”
2008 1971 2433 2054 (Quaracchi,
2486 1983 2643 2036 tom.
2700 1972 2821 2048 IV,
2873 1992 3020 2055 pag.

631 2070 838 2152 431);
880 2083 945 2136 et
987 2071 1054 2135 in
1096 2093 1250 2137 casu
1294 2073 1597 2138 sacerdos
1640 2074 2007 2139 “ostendit’'
2050 2076 2380 2139 hominem
2424 2075 2606 2139 illum
2649 2096 2791 2140 esse
2834 2076 3039 2140 abso-r

633 2173 841 2238 lutum
901 2174 1089 2256 eique
1146 2176 1423 2256 gratiam
1482 2187 1859 2258 augmentat
1929 2177 2152 2259 (Ibid.,
2212 2198 2358 2261 pag.
2421 2178 2627 2260 45o);
2688 2179 2742 2242 si
2802 2189 3022 2242 autem
3121 2261 3124 2264 ἢ

632 2275 829 2342 homo
881 2277 968 2341 sit
1016 2287 1270 2342 tantum
1316 2277 1601 2356 attritus,
1653 2300 1805 2343 nam
1858 2279 2203 2362 “possibile
2255 2291 2372 2356 est,
2426 2282 2601 2362 quod
2654 2280 2886 2363 aliquis
2937 2281 3022 2344 ad

631 2379 1102 2444 absolutionem
1145 2381 1408 2445 accedat
1448 2381 1753 2447 attritus”
1807 2382 2233 2465 (Quaracchi,
2275 2393 2430 2448 tom.
2478 2384 2599 2459 IV,
2640 2404 2785 2466 pag.
2831 2383 2992 2465 473)
3007 2433 3022 2459 ,

633 2501 831 2558 conc„
877 2482 1029 2564 quia
1070 2483 1403 2548 confessio
1448 2486 1932 2551 sacramentalis
1978 2487 2191 2552 “valet
2235 2488 2320 2551 ad
2365 2487 2754 2566 deletionem
2798 2487 3022 2568 culpae

632 2594 946 2663 quantum
985 2586 1071 2649 ad
1110 2606 1222 2650 eos
1262 2587 1371 2668 qui
1414 2608 1483 2652 se
1524 2608 1655 2652 non
1693 2599 2248 2671 praeparaverunt
2288 2589 2676 2653 sufficienter
2717 2589 3024 2654 omnino'’

643 2685 865 2766 (Ibid.,
901 2707 1048 2770 pag.
1084 2688 1275 2768 432).

718 2810 946 2891 Itaque
996 2809 1063 2874 S.
1112 2810 1572 2874 Bonaventura
1618 2808 1806 2872 docet
1852 2808 2238 2873 sententiam
2286 2809 2366 2872 de
2415 2808 2799 2873 ostensione.
2894 2808 3024 2873 Sed

634 2932 777 2976 eam
819 2933 951 2976 non
995 2912 1181 2976 docet
1225 2911 1601 2993 simpliciter
1642 2921 1707 2975 et
1748 2911 2064 2985 absolute,
2107 2911 2272 2974 sicut
2313 2910 2547 2976 asserit
2587 2908 2814 2975 Estius
2867 2910 3022 2991 (loc.

635 3014 807 3096 cit.),
849 3025 915 3079 et
955 3014 1122 3079 sicut
1161 3014 1466 3079 videntur
1506 3033 1797 3077 asserere
1839 3013 2336 3077 Pohle-Preus³⁸
2381 3023 2447 3077 et
2492 3013 2774 3078 Pesch⁸⁶.
2864 3011 3024 3077 Sen-

633 3118 903 3182 tentiam
962 3118 1043 3180 de
1100 3117 1469 3181 ostensione
1529 3117 1716 3181 docet
1776 3116 2173 3198 seraphicus
2230 3117 2701 3193 tantummodo,
2764 3115 3025 3197 quando

634 3220 849 3302 agitur
890 3220 971 3283 de
1011 3220 1273 3284 homine
1314 3220 1594 3284 contrito
1633 3219 2021 3284 contritione
2061 3219 2374 3301 perfecta.
2461 3219 2565 3282 Illi
2607 3239 2763 3301 ergo
2805 3229 3025 3283 textus
3065 3253 3072 3258 ·

635 3323 744 3403 qui
790 3333 1208 3404 opponuntur
1252 3333 1316 3387 et
1360 3323 1427 3385 in
1474 3322 1706 3404 quibus
1750 3332 2022 3404 apparet
2071 3322 2138 3387 S.
2188 3324 2648 3387 Bonaventura
2692 3333 3023 3403 tamquam

636 3425 962 3490 sustinens
1015 3425 1307 3490 absolute
1365 3425 1750 3489 sententiam
1807 3426 1888 3490 de
1941 3425 2331 3500 ostensione,
2386 3425 2696 3507 explicari
2752 3434 3027 3507 possunt

634 3527 915 3592 adducta
977 3528 1389 3592 distinctione
1453 3529 1534 3592 de
1596 3528 1982 3592 auctoritate
2043 3528 2308 3610 propria
2371 3538 2436 3591 et
2499 3529 2581 3592 de
2641 3529 3026 3592 auctoritate

636 3630 949 3712 delegata,
985 3631 1088 3695 vel
1125 3631 1321 3695 etiam
1358 3631 1638 3695 adducta
1675 3631 2088 3696 distinctione
2126 3632 2207 3696 de
2244 3631 2505 3696 homine
2544 3632 2835 3714 perfecte
2873 3651 3026 3696 con-

636 3732 792 3796 trito
829 3743 892 3797 et
932 3733 1011 3796 de
1048 3733 1308 3798 homine
1347 3734 1724 3816 simpliciter
1760 3734 2003 3798 attrito.

724 3851 1279 3935 Crisis.—Opini0
1346 3853 1671 3917 sustinens
1740 3853 2177 3918 ostensionem
2245 3854 2315 3918 in
2383 3855 2684 3919 omnibus
2752 3854 3027 3929 casibus,

635 3954 1104 4038 cujuscumque
1149 3955 1251 4032 sit,
1300 3955 1653 4037 rejicienda
1700 3967 1834 4032 est;
1879 3957 2032 4040 quia
2077 3956 2440 4022 conformis
2487 3977 2620 4020 non
2667 3968 2764 4022 est
2812 3957 3026 4022 verbis

636 4055 903 4120 Domini
941 4058 1147 4122 nostri
1182 4058 1341 4139 Jesu
1380 4058 1621 4124 Christi
1659 4061 1770 4143 qui
1809 4059 2082 4124 contulit
2118 4060 2454 4142 Apostolis
2491 4081 2844 4141 eorumque
2885 4080 3027 4124 suc-

634 4159 1017 4235 cessoribus,
1053 4171 1439 4242 potestatem
1471 4163 1854 4244 culpamque
1889 4163 2097 4245 ipsam
2133 4162 2406 4227 delendi.
2464 4163 3028 4244 Absolvamusque

638 4260 968 4343 negotium
1020 4262 1143 4326 hoc
1193 4263 1408 4328 verbis
1462 4262 1778 4328 Richardi
1827 4285 1868 4328 a
1916 4264 1988 4330 S.
2047 4264 2307 4330 Victore
2371 4263 2532 4344 (cfr.
2589 4265 2672 4328 N.
2728 4263 2825 4339 B.,
2879 4283 3025 4344 pag.

642 4366 720 4425 80
782 4365 1139 4446 desumptis
1202 4386 1287 4429 ex
1348 4387 1467 4430 suo
1530 4367 1885 4431 “Tractatu
1947 4366 2027 4429 de
2089 4376 2407 4448 potestate
2470 4365 2711 4446 ligandi
2773 4375 2838 4428 et
2903 4365 3026 4428 sol-

638 4465 893 4542 vendi”,
939 4487 1230 4549 quaeque
1278 4466 1370 4532 sic
1417 4479 1683 4533 sonant:
1776 4469 2056 4533 “Exstat
2101 4464 2532 4550 quorumdam
2581 4467 2662 4531 de
2709 4476 3028 4550 potestate

720 4633 775 4672 ¹⁵5
796 4635 917 4691 The
958 4635 1223 4702 Sacram„
1261 4638 1371 4692 vol.
1412 4637 1518 4704 III,
1555 4655 1681 4704 pag.
1722 4638 1834 4693 147.

720 4707 779 4759 ¹5⁶
797 4709 979 4764 Prael.
1025 4710 1247 4776 Dogm„
1292 4711 1380 4767 De
1430 4713 1694 4778 Sacram..
1739 4722 1882 4778 part.
1930 4711 2006 4779 11,
2050 4729 2176 4780 pag.
2220 4711 2302 4768 88.
