3509 5267
482 522 609 586 116
784 522 885 586 De
922 520 1223 586 Cluvium
1255 520 1611 585 Potestatis
1644 519 2015 583 Existentia
2048 518 2266 598 Atque
2302 517 2580 582 Natura.

567 707 641 770 H
641 727 855 772 ermas
898 704 966 769 in
1010 725 1131 770 suo
1176 723 1370 786 opere
1412 703 1517 767 cui
1561 702 1795 766 titulus
1834 700 2174 777 “Pastor'',
2220 701 2506 782 loquitur
2551 700 2746 765 etiam
2792 702 2876 765 de

482 808 918 882 confessione,
954 808 1069 872 sed
1104 826 1237 871 non
1273 805 1429 871 dicit
1465 804 1725 870 cuinam
1761 814 2024 886 peccata
2061 803 2191 869 sint
2227 803 2598 886 aperienda,
2635 823 2755 868 nec
2793 805 2876 868 de

483 911 888 977 absolutione
931 910 1325 992 10q11itur12'.

567 1021 638 1087 S.
681 1020 983 1086 Clemens
1022 1021 1360 1085 Romanus
1397 1017 1753 1084 corinthios
1796 1017 2063 1084 rebelles
2102 1015 2350 1082 inducit
2389 1017 2474 1082 ad
2514 1015 2876 1081 confessio-

484 1144 654 1199 nem,
710 1123 1134 1206 ejusdemque
1188 1121 1638 1187 necessitatem
1692 1120 1789 1186 eis
1841 1119 2176 1204 patefacit,
2233 1120 2489 1185 dicens:
2590 1118 2876 1184 “Melius

482 1225 657 1291 enim
730 1236 828 1290 est
901 1225 1147 1291 homini
1219 1234 1483 1307 peccata
1549 1245 1675 1290 sua
1746 1222 2042 1290 confiteri
2112 1243 2310 1306 quam
2383 1222 2692 1288 indurare
2762 1241 2877 1288 cor

484 1327 1193 1394 suum”¹'⁸r—Cuinam
1240 1327 1542 1393 facienda
1587 1327 1671 1392 sit
1714 1326 2046 1393 confessio
2089 1321 2378 1390 insinuat
2421 1325 2596 1392 hisce
2641 1324 2878 1390 exhor·

482 1431 739 1496 tatoriis
782 1431 997 1496 verbis
1041 1432 1127 1496 ad
1171 1432 1368 1495 duces
1414 1430 1781 1495 rebellionis
1828 1429 2052 1495 dictis:
2141 1429 2326 1494 “Vos
2372 1427 2572 1511 igitur
2616 1428 2727 1510 qui
2779 1447 2878 1492 se·

487 1532 751 1598 ditionis
802 1532 1231 1600 fundamenta
1277 1533 1525 1616 jecistis
1572 1533 1640 1598 in
1688 1531 2055 1598 obedientia
2105 1531 2346 1598 subditi
2397 1541 2565 1597 stote
2611 1531 2878 1614 presby-

486 1635 663 1711 teris,
712 1646 777 1700 et
824 1636 1291 1702 correctionem
1341 1657 1569 1702 eorum
1620 1636 1926 1718 suscipite
1975 1636 2044 1700 in
2094 1633 2708 1718 poenitentiam''¹²⁹.

1240 1823 1280 1886 Ῑ
1279 1823 1317 1886 I
1320 1824 1653 1887 .—-Patres
1696 1822 2110 1904 posteriores.

570 1957 770 2040 Quod
816 1979 985 2040 vago
1031 1969 1511 2043 proposuerunt
1558 1959 1755 2024 modo
1806 1959 2036 2023 Patres
2086 1953 2468 2040 Apostolici,
2517 1957 2790 2022 disserte
2838 1975 2879 2020 a

482 2063 895 2144 sequentibus
920 2062 1225 2128 Patribus
1246 2063 1579 2138 asseritur,
1614 2083 1720 2134 sc„
1753 2063 1839 2126 ad
1872 2063 2144 2127 salutem
2177 2061 2698 2142 conquerendam
2731 2071 2880 2142 post

486 2172 823 2245 peccatum
878 2163 1151 2228 mortale
1207 2162 1627 2228 commissum
1683 2162 2122 2226 necessarium
2177 2180 2319 2227 esse
2376 2160 2738 2242 confugere
2791 2159 2878 2225 ad

486 2265 969 2330 confessionem
1025 2266 1555 2330 sacramentalem
1614 2286 1730 2330 seu
1789 2285 2124 2330 recursum
2185 2264 2402 2329 facere
2457 2264 2543 2328 ad
2598 2262 2878 2328 clavium

485 2377 890 2450 potestatem.

582 2475 693 2558 (a)
753 2476 827 2541 S.
881 2476 1193 2538 Irenaeus
1244 2473 1436 2537 habet
1487 2471 1997 2553 exomologesim
2047 2479 2382 2552 tamquam
2433 2469 2720 2533 medium
2777 2489 2879 2533 sa-

489 2579 641 2644 lutis
694 2577 1152 2651 necessarium,
1204 2597 1239 2640 e
1242 2575 1501 2656 jusdem
1554 2573 1974 2638 omissionem
2028 2583 2360 2654 tamquam
2415 2593 2678 2636 causam
2732 2591 2879 2653 per-

487 2680 770 2746 ditionis,
854 2679 1004 2743 Hoc
1044 2679 1401 2742 luculenter
1438 2687 1616 2759 patet
1655 2698 1742 2741 ex
1786 2676 1964 2741 facto
2004 2676 2180 2757 quod
2222 2674 2431 2739 refert
2473 2675 2553 2739 de
2593 2673 2879 2738 mulieri-

487 2785 609 2848 bus
655 2804 696 2847 a
746 2782 976 2846 Marco
1022 2781 1295 2863 ejusque
1342 2777 1675 2862 discipulis
1724 2778 2042 2844 seductis:
2091 2778 2396 2842 mulieres
2441 2796 2608 2858 quae
2653 2797 2878 2858 pecca-

487 2896 628 2951 tum
676 2905 867 2950 suum
913 2884 1254 2949 confessae
1300 2893 1471 2958 sunt,
1518 2883 1661 2946 Deo
1707 2892 1773 2946 et
1821 2880 2148 2946 Ecclesiae
2198 2880 2644 2944 reconciliatae
2691 2887 2878 2954 sunt;

486 2987 790 3052 mulieres
854 2996 1071 3051 autem
1136 3006 1301 3068 quae
1364 2985 1455 3048 ita
1518 3005 1649 3048 non
1720 2984 2036 3058 fecerunt,
2102 2984 2529 3066 desperarunt
2596 2982 2678 3045 “a
2740 2979 2878 3046 vita

488 3089 757 3154 Dei”²⁸⁰.
846 3088 1043 3171 Ergo,
1087 3088 1279 3171 juxta
1326 3087 1392 3153 S.
1441 3088 1804 3162 Irenaeum,
1849 3085 2343 3168 exomologesis,
2386 3084 2718 3150 confessio
2763 3103 2879 3148 seu

490 3213 790 3257 recursus
840 3192 926 3255 ad
975 3191 1254 3257 clavium
1304 3200 1691 3273 potestatem
1743 3200 1843 3254 est
1896 3210 2000 3253 res
2051 3188 2416 3253 necessaria
2467 3188 2552 3252 ad
2604 3187 2878 3268 salutem

486 3295 922 3360 obtinendam.

578 3404 695 3485 (b)
771 3405 1251 3486 Argumentum
1322 3401 1753 3467 fortissimum
1821 3401 1889 3464 in
1961 3401 2260 3465 favorem
2326 3397 2727 3464 necessitatis
2793 3396 2879 3460 ad

485 3506 699 3571 claves
753 3526 1055 3571 recursus
1106 3517 1205 3571 est
1257 3505 1579 3570 institutio
1630 3503 2189 3586 poenitentialium
2247 3500 2878 3568 tribunalium—Ad

488 3611 645 3693 quid
689 3610 1025 3674 instituere
1071 3608 1450 3689 hujusmodi
1494 3608 1864 3682 tribunalia,
1911 3607 1966 3671 si
2014 3605 2416 3680 necessarius
2461 3624 2595 3669 non
2643 3602 2879 3668 fuisset

487 3713 573 3777 ad
615 3712 829 3777 claves
850 3721 853 3726 '
874 3710 1218 3776 recursus?
1301 3711 1412 3774 Ad
1455 3711 1614 3792 quid
1661 3731 1729 3774 se
1777 3708 2153 3775 submittere
2198 3706 2576 3790 hujusmodi
2619 3725 2879 3788 proces-

490 3815 667 3881 sibus
720 3814 1080 3888 laboriosis,
1132 3813 1314 3878 duris
1366 3824 1432 3877 et
1484 3813 1875 3878 verecundia
1927 3809 2396 3876 afficientibus?
2490 3809 2642 3874 Hoc
2695 3807 2879 3872 insti-

489 3927 701 3983 tutum
754 3918 894 3982 luce
942 3917 1180 3982 clarius
1228 3917 1460 3999 probat
1511 3914 1708 3979 fidem
1757 3915 1826 3978 in
1877 3914 2326 3979 necessitatem
2377 3912 2462 3976 ad
2513 3912 2726 3976 claves
2780 3930 2879 3973 re-

486 4041 737 4094 cursuS,
802 4019 1019 4095 fidem,
1085 4019 1369 4101 inquam,
1432 4028 1570 4083 tam
1633 4018 2072 4101 praelatorum
2139 4036 2334 4098 quam
2399 4015 2595 4078 etiam
2661 4011 2878 4078 subdi-

483 4133 722 4187 torum.
2481 4186 2508 4206 1
2785 4133 2792 4138 ·

582 4231 689 4313 (c)
740 4231 1178 4296 Tertullianus
1212 4232 1297 4295 ad
1334 4231 1692 4312 urgendam
1732 4229 2180 4293 necessitatem
2217 4225 2690 4308 exomologesis
2727 4243 2879 4306 pro-

485 4335 671 4417 ponit
714 4335 1086 4416 exemplum
1130 4343 1323 4415 atque
1366 4333 1626 4415 praxim
1672 4331 2080 4396 infirmorum
2126 4328 2580 4412 corporalium,
2627 4346 2879 4391 necnon

487 4435 922 4501 damnationis
983 4455 1293 4518 poenam:
1401 4435 1940 4517 “Exomologesis
1987 4483 2001 4498 .
2049 4483 2064 4497 .
2112 4483 2127 4496 .
2191 4431 2532 4513 disciplina
2594 4438 2692 4494 est
2737 4478 2751 4493 .
2799 4477 2814 4493 .
2861 4475 2877 4492 .

568 4618 652 4658 12⁷
674 4618 851 4675 simu.
892 4619 941 4685 9,
980 4636 1101 4685 cap.
1143 4619 1224 4684 23,
1252 4583 1318 4674 ⁶n.
1357 4619 1407 4674 4.
1770 4616 1856 4657 12⁰
1876 4617 2032 4685 naid„
2076 4617 2157 4684 57,
2205 4617 2250 4672 1.

567 4693 654 4732 1²⁸
673 4693 849 4760 Epist.
890 4695 964 4750 ad
998 4694 1151 4761 Cor..
1191 4709 1309 4759 cap.
1348 4695 1430 4759 51,
1468 4712 1523 4750 n.
1566 4696 1611 4749 1.
1771 4691 1856 4731 1⁸⁰
1877 4693 2076 4758 Rouet,
2100 4710 2163 4747 n.
2200 4691 2311 4746 193.
