3509 5267
892 544 993 607 De
1033 543 1330 607 Cluvium
1365 543 1720 607 Potestatis
1754 542 2125 606 Existentia
2158 542 2220 604 Α
2230 551 2376 622 tque
2412 543 2690 624 Natu-ra.
2907 544 2992 606 75

602 729 769 794 sicut
823 729 1113 794 Ecclesia
1168 729 1501 794 Catholica
1554 728 1636 792 ab
1690 728 1877 793 initio
1933 749 2185 810 semper
2240 728 2592 805 intellexit;
2649 730 2992 794 detorserit

600 843 838 907 autem,
891 841 1131 922 contra,
1168 831 1639 896 institutionem
1690 831 1892 912 hujus
1947 831 2352 907 sacramenti,
2404 833 2488 896 ad
2540 833 2992 897 auctoritatem

600 935 1015 1017 praedicandi
1060 934 1508 1016 Evangelium‚
1551 936 1633 998 A.
1682 933 1867 999 S.'’³⁵.

686 1039 931 1103 Nostra
994 1039 1258 1101 tandem
1324 1048 1534 1102 aetate
1600 1039 1837 1102 iterum
1903 1038 2194 1102 Ecclesia
2259 1038 2564 1121 professa
2627 1048 2727 1103 est
2792 1041 2992 1105 verba

600 1141 918 1223 “quorum
960 1141 1337 1205 remiseritis
1383 1192 1397 1206 .
1444 1191 1459 1205 .
1508 1141 1565 1205 .'’
1607 1142 1844 1205 referri
1885 1143 1969 1206 ad
2009 1152 2483 1206 sacramentum
2527 1143 2989 1218 Poenitentiae,

600 1243 915 1308 damnans
989 1254 1362 1326 sequentem
1436 1245 1517 1307 M
1519 1245 2000 1309 odernistarum
2068 1245 2612 1327 propositionem:
2731 1246 2992 1310 “Verba

603 1345 901 1410 Domini:
992 1347 1285 1428 Accipite
1333 1347 1655 1428 Spiritum
1699 1349 2049 1413 Sanctum:
2097 1370 2374 1429 quorum
2419 1349 2799 1414 remiseritis
2844 1361 2992 1432 pec·
3057 1367 3062 1374 ·

602 1457 744 1512 cata
789 1500 801 1513 .
851 1499 864 1513 .
912 1500 927 1513 .
975 1499 1011 1524 .,
1074 1450 1339 1514 minime
1400 1450 1780 1515 referuntur
1841 1452 1924 1515 ad
1986 1462 2462 1516 sacramentum
2527 1453 2989 1528 Poenitentiae,

601 1551 915 1633 quidquid
964 1553 1267 1618 Patribus
1314 1554 1683 1618 tridentinis
1718 1575 2021 1619 asserere
2069 1555 2425 1636 placuit'’⁸⁶.
2516 1557 2625 1620 Ad
2676 1557 2767 1619 nil
2815 1556 2992 1621 aliud

601 1674 757 1735 ergo
804 1655 1182 1720 referuntur
1226 1656 1527 1738 praefata
1574 1658 1774 1721 verba
1817 1659 1944 1722 nisi
1991 1660 2076 1722 ad
2124 1669 2598 1723 sacramentum
2649 1660 2992 1723 Poeniten-

598 1757 746 1820 tiae.
831 1758 918 1821 Et
956 1757 1105 1839 jure
1144 1759 1503 1840 meritoque
1544 1761 1667 1826 hoc
1708 1772 2126 1825 asseruerunt
2170 1762 2398 1826 Patres
2439 1762 2796 1838 tridentini,
2839 1763 2991 1844 quia

528 1909 535 1916 .
600 1859 721 1923 hoc
768 1869 865 1924 est
911 1860 1253 1926 conforme
1303 1883 1488 1927 sacro
1535 1863 1768 1938 textui,
1816 1863 2131 1945 quidquid
2179 1864 2398 1928 dicant
2443 1876 2876 1947 protestantes
2927 1875 2992 1928 et

599 1962 1052 2027 modernistae.

1417 2117 1949 2183 ARTICULUS
2041 2120 2163 2184 III.

709 2256 981 2313 clavium
1023 2266 1297 2320 potestas
1338 2267 1435 2315 est
1475 2261 1725 2316 omnino
1768 2262 2054 2318 distincta
2096 2279 2132 2318 a
2173 2263 2518 2326 baptizandi
2559 2271 2880 2327 potestate.

687 2384 1042 2466 Postquam
1108 2385 1391 2450 vidimus
1458 2388 1737 2451 clavium
1804 2399 2190 2471 potestatem
2259 2387 2791 2453 confundendam
2861 2409 2992 2452 non

601 2506 741 2550 esse
778 2508 927 2551 cum
963 2489 1381 2569 praedicandi
1420 2500 1758 2572 potestate,
1801 2512 1973 2556 nunc
2014 2492 2200 2556 nobis
2242 2492 2648 2574 repellendus
2686 2502 2786 2557 est
2827 2491 2992 2555 alius

600 2589 1099 2670 protestanticus
1146 2613 1328 2656 error
1373 2593 1786 2658 confundens
1831 2595 2112 2659 clavium
2156 2604 2544 2677 potestatem
2589 2616 2736 2660 cum
2787 2594 2992 2674 bapti-

599 2693 793 2756 zandi
833 2703 1171 2774 potestate.
1262 2694 1392 2759 Sed
1436 2707 1681 2772 contra,
1782 2738 1786 2744 -

687 2802 855 2868 Cum
910 2804 1203 2868 Ecclesia
1262 2805 1578 2869 catholica
1634 2804 1986 2867 tenendum
2044 2812 2140 2866 est
2202 2801 2583 2882 hujusmodi
2639 2808 2993 2882 potestates

602 2926 739 2970 esse
781 2908 970 2987 plane
1013 2907 1367 2972 distinctas.

1269 3045 1597 3124 Probatur
1640 3068 1936 3123 nostrum
1981 3065 2318 3124 assertum.

694 3195 803 3276 (a)
864 3196 1237 3277 Baptismus
1286 3207 1350 3259 et
1399 3195 1807 3259 Poenitentia
1855 3193 2171 3257 differunt
2218 3193 2386 3257 inter
2435 3214 2504 3257 se
2556 3193 2805 3256 ratione
2854 3213 2990 3256 ma-
3047 3179 3058 3184 ⁸

601 3298 797 3362 teriae
840 3308 904 3361 et
944 3299 1221 3380 formae.
1311 3298 1627 3379 Baptismi
1671 3298 1845 3360 enim
1889 3297 2160 3360 materia
2203 3307 2301 3360 est
2344 3316 2513 3376 aqua
2532 3281 2566 3371 ;’
2595 3296 2813 3359 forma
2857 3304 2987 3359 est:

599 3401 742 3482 Ego
784 3411 852 3464 te
891 3401 1148 3483 baptizo
1192 3400 1259 3463 in
1303 3400 1563 3464 nomine
1609 3399 1824 3463 Patris
1873 3449 1886 3462 .
1935 3448 1948 3462 .
1997 3449 2010 3463 .
2101 3397 2544 3461 Poenitentiae
2591 3407 2807 3460 autem
2853 3417 2989 3460 ma-

597 3503 761 3567 teria
794 3513 946 3568 sunt
978 3513 1276 3585 peccata;
1314 3503 1529 3566 forma
1565 3513 1714 3567 sunt
1748 3503 1980 3566 verba:
2059 3501 2202 3582 Ego
2237 3510 2301 3564 te
2336 3500 2602 3564 absolvo
2636 3521 2676 3563 a
2709 3498 2990 3581 peccatis

598 3606 745 3671 tuis.
830 3606 960 3671 Sed
997 3627 1187 3670 nemo
1224 3627 1356 3669 non
1394 3606 1571 3669 videt
1606 3605 1724 3669 has
1765 3625 1867 3668 res
1905 3625 2045 3669 esse
2082 3605 2272 3686 plane
2309 3603 2665 3667 distinctas,
2748 3602 2944 3682 Ergo,

685 3714 1061 3796 obst—Sed
1106 3714 1338 3795 aliquis
1380 3723 1748 3796 protestans
1794 3712 2078 3794 objicere
2122 3721 2368 3794 potest:
2459 3709 2988 3775 “Romanenses”

596 3816 714 3881 has
757 3817 1162 3882 differentias
1205 3817 1727 3881 introduxerunt.

574 3985 577 3990 .
680 3927 1067 4006 Respondeo
1114 3926 1447 4006 negando;
1492 3946 1643 3988 nam
1689 3924 1812 3988 hae
1858 3923 2266 3988 differentiae
2311 3942 2502 3987 suum
2548 3922 2786 3985 habent
2834 3921 2987 3986 fun-

596 4027 971 4092 damentum
1009 4028 1077 4090 in
1114 4029 1315 4092 sacris
1355 4027 1638 4091 Litteris.
1722 4027 1960 4109 Quoad
1998 4027 2392 4109 baptismum
2432 4025 2752 4088 Dominus
2794 4023 2984 4088 dicit:

576 4129 786 4194 ·“Nisi
830 4131 975 4212 quis
1020 4141 1282 4196 renatus
1330 4130 1529 4193 fuerit
1572 4151 1657 4194 ex
1698 4151 1868 4210 aqua
1908 4139 1972 4193 et
2018 4128 2266 4209 Spiritu
2314 4127 2554 4192 Sancto
2598 4147 2730 4190 non
2771 4135 2986 4208 potest

597 4231 865 4297 introire
921 4233 988 4294 in
1044 4253 1315 4314 regnum
1371 4232 1611 4297 Dei”⁸⁷.
1712 4232 1916 4296 Hisce
1971 4231 2184 4296 verbis
2242 4230 2564 4294 Dominus
2621 4249 2740 4293 nos
2799 4229 2987 4293 docet

595 4335 855 4415 quidem
898 4336 1198 4416 baptismi
1242 4335 1689 4398 necessitatem
1734 4334 1995 4408 directe,
2041 4335 2154 4398 sed
2197 4333 2460 4415 pariter,
2507 4332 2817 4395 indirecte
2861 4331 2984 4395 sal-

594 4446 746 4513 tem,
779 4458 901 4502 nos
935 4439 1123 4502 docet
1155 4437 1457 4519 baptismi
1492 4437 1852 4513 materiam,
1889 4457 1997 4511 sc„
2031 4456 2286 4516 aquam.
2367 4434 2586 4499 Verba
2620 4433 2986 4498 adhibenda

595 4537 663 4601 in
707 4541 1010 4622 baptismi
1056 4540 1616 4604 administratione
1665 4539 1987 4603 Dominus
2035 4539 2222 4603 docet
2266 4557 2466 4620 penes
2518 4537 2664 4611 Mt„
2716 4539 2816 4612 28,
2870 4539 2984 4597 19:

676 4708 892 4765 ³⁵1bid.
920 4728 1041 4765 can.
1068 4711 1117 4766 3.
1269 4708 1329 4748 ³⁶
1346 4710 1673 4774 Den.-Ban.‚
1717 4727 1770 4763 n.
1813 4709 1960 4763 2047.
2096 4707 2153 4746 ⁸⁷
2169 4709 2332 4774 Joan.
2367 4708 2416 4773 3,
2450 4707 2498 4761 5.
2533 4769 2538 4772 ,
