3509 5267
507 558 594 622 22
811 558 912 621 De
947 556 1632 621 Cluvium-Potestas&
1668 555 2039 621 Existentia
2074 535 2291 637 Atque
2328 556 2607 621 Natura.

510 738 870 815 satisfaciu
923 738 1262 804 retributio
1311 758 1398 802 ex
1447 748 1632 821 parte
1681 738 1853 821 ejus,
1880 730 1972 803 ⁴in
2022 758 2215 822 quem
2266 750 2367 805 est
2417 740 2674 806 offensa
2724 761 2901 806 com-

509 833 826 907 missa'’“.
946 881 952 886 ·
1009 890 1020 895 -
1113 876 1119 881 ·
1916 900 1921 905 .
1962 896 1967 901 .

597 946 728 1011 Hic
777 966 1086 1027 quaerere
1137 946 1358 1011 liceat:
1407 966 1742 1029 quaenam:
1780 957 1932 1011 sunt
1980 967 2179 1029 opera
2230 947 2465 1030 quibus
2519 948 2663 1013 Deo
2712 948 2900 1013 satis-

514 1050 732 1115 facere
779 1050 986 1132 possit
1031 1048 1377 1131 peccator?
1468 1050 1598 1115 Illa
1636 1070 1837 1133 opera
1888 1050 2194 1116 reducere
2244 1044 2593 1133 possumus
2640 1054 2725 1117 ad
2773 1053 2901 1117 tria

510 1154 723 1236 capita
762 1174 912 1218 cum
957 1154 1155 1220 Cone.
1203 1154 1418 1219 Trid..-
1499 1153 1578 1233 a)
1629 1154 1914 1236 primum
1957 1173 2163 1237 genus
2205 1155 2610 1220 constituunt
2653 1166 2899 1236 poenae

511 1277 553 1320 a
579 1257 769 1322 nobis
794 1266 1024 1338 sponte
1050 1267 1386 1339 susceptae
1415 1278 1536 1340 pro
1565 1257 1959 1323 vindicando
1986 1268 2287 1342 peecato;
2318 1258 2395 1338 b)
2437 1268 2682 1339 poenae
2716 1260 2903 1324 nobis

509 1358 849 1440 impositae
877 1380 921 1423 a
945 1360 1302 1437 sacerdote,
1331 1360 1594 1442 quando
1621 1371 1919 1426 sanctum
1950 1360 2395 1426 Poenitentiae
2426 1373 2901 1427 sacramentum

513 1462 878 1544 recipimus,
923 1463 1279 1527 secundum
1323 1463 1726 1527 constituunt
1772 1483 2013 1546 genus;
2059 1464 2132 1543 c)
2186 1464 2451 1528 tertium
2498 1484 2703 1547 genus
2752 1474 2901 1529 sunt

513 1565 893 1645 temporalia
935 1565 1188 1648 flayetla
1231 1587 1272 1631 a
1314 1568 1459 1631 Deo
1507 1565 1767 1643 inuicta,
1811 1578 1877 1631 et
1922 1588 1962 1632 a
2008 1568 2193 1633 nobis
2240 1568 2562 1659 patienter
2607 1568 2900 1633 tolerata.

513 1666 721 1732 Docet
760 1668 935 1732 enim
977 1668 1183 1744 Trid.,
1224 1690 1382 1735 sess.
1432 1684 1531 1750 14,
1573 1680 1712 1751 cap.
1755 1687 1818 1749 9,
1862 1670 2158 1735 “tantum
2203 1691 2345 1735 esse
2389 1671 2648 1736 divinae
2690 1670 2902 1735 muni-

510 1769 805 1835 ficentiae
839 1771 1224 1852 largitatem,
1258 1782 1332 1836 ut
1365 1788 1514 1835 non·
1535 1773 1746 1837 solum
1780 1773 2008 1854 poenis
2043 1778 2273 1861 sponte
2308 1794 2349 1838 a
2383 1773 2571 1839 nobis
2606 1794 2729 1856 pro
2762 1773 2902 1837 vin-

516 1873 794 1938 dicando
839 1884 1106 1957 peccato
1154 1875 1491 1958 susceptis,
1539 1886 1653 1941 aut
1711 1877 2066 1941 sacerdotis
2113 1877 2383 1941 arbitrio
2429 1898 2552 1959 pro
2598 1896 2903 1942 mensura

513 1977 728 2042 delicti
767 1977 1106 2060 impositis»,
1147 1978 1262 2043 sed
1298 1978 1515 2053 etiam,
1553 1978 1731 2061 quod
1770 1978 2131 2043 maximum
2168 1978 2411 2043 amoris
2449 1987 2904 2061 argumentum

514 2091 634 2156 est,
684 2080 1148 2165 temporalibus
1196 2081 1468 2164 flagellis
1519 2103 1561 2148 a
1612 2082 1755 2147 Deo
1809 2081 2089 2158 inflictis,
2139 2093 2203 2147 et
2256 2104 2297 2147 a
2347 2081 2535 2147 nobis
2585 2069 2935 2163 patienter'

513 2185 850 2269 toleratis,
875 2187 1050 2267 apud
1103 2186 1317 2250 Deum
1371 2186 1634 2251 Patrem
1684 2206 1804 2268 per
1855 2185 2192 2251 Christum
2242 2186 2468 2267 Jesum
2524 2182 2905 2251 satisfacere

513 2289 906 2354 valeamus”.
987 2288 1206 2371 Quam
1245 2290 1607 2355 doctrinam
1645 2288 2056 2355 anathemate
2094 2288 2371 2355 munivit
2407 2309 2548 2354 catu.
2593 2305 2691 2370 13,
2730 2288 2905 2370 ejus-

517 2393 666 2457 dem
711 2414 904 2459 sess..·
990 2392 1102 2459 “S.
1148 2414 1210 2475 q.
1255 2394 1320 2458 d.
1365 2414 1488 2476 pro
1529 2393 1834 2477 peccatis,
1877 2393 2096 2476 quoad
2140 2379 2418 2477 poenam
2462 2394 2905 2475 temporalem,

517 2495 789 2577 minime·
830 2496 974 2560 Deo
1015 2516 1134 2578 per
1179 2495 1422 2561 Christi
1469 2497 1701 2561 merita
1749 2496 2050 2561 satisfieri
2096 2495 2325 2580 poenis
2371 2496 2453 2561 ab
2499 2515 2580 2559 eo
2627 2494 2907 2569 inflictis,

518 2609 582 2664 et
617 2600 936 2681 patienter
970 2600 1282 2675 toleratis,
1318 2600 1422 2665 vel
1456 2622 1497 2665 a
1535 2602 1869 2665 sacerdote
1908 2599 1974 2663 in
1976 2599 2239 2682 junctiS,
2278 2601 2394 2664 sed
2432 2619 2640 2681 neque
2678 2607 2908 2681 sponte

519 2703 863 2785 suscepitis
910 2714 983 2768 ut
1037 2703 1330 2786 jejuniis,
1382 2703 1807 2779 orationibus,
1859 2704 2305 2787 eleemosynis,
2356 2702 2462 2768 vel
2514 2702 2679 2767 aliis*
2715 2702 2909 2766 etiam

517 2805 775 2888 pietatis
815 2807 1140 2888 operibus,
1179 2816 1376 2888 atque
1417 2806 1565 2871 ideo
1607 2806 1921 2889 optimam
1966 2806 2440 2871 Poenitentiam
2483 2826 2625 2871 esse
2670 2826 2908 2870 novam

516 2910 739 2985 vitam,
777 2910 862 2975 A.
901 2909 1033 2975 S.”.
1934 2922 1943 2927 “

607 3014 738 3078 Sed
790 3014 1091 3079 forsitam
1139 3013 1330 3079 alicui
1379 3024 1675 3079 occurret
1704 3006 1992 3097 ⁴antiqua
2043 3012 2554 3079 Protestantium
2604 3012 2907 3094 objectio,

519 3138 684 3200 quae
735 3118 827 3181 sic
875 3138 946 3182 se
995 3118 1221 3182 habet:
1275 3119 1278 3121 ’
1317 3117 1782 3183 Satisfactione
1835 3128 2059 3183 nostra
2108 3118 2495 3183 obscuratur
2542 3118 2646 3181 vel
2698 3116 2909 3181 immi-

519 3220 763 3296 nuitur,
797 3222 1026 3286 saltem
1057 3242 1144 3286 ex
1175 3229 1379 3303 parte,
1411 3222 1512 3286 vis
1547 3222 1761 3286 meriti
1795 3232 1861 3286 et
1894 3220 2364 3287 satisfactionis
2400 3221 2666 3285 Domini
2702 3219 2907 3284 nostri

518 3326 678 3407 jesu
732 3324 1012 3402 Christi;
1062 3345 1220 3407 ergo
1272 3326 1354 3389 de
1407 3324 1856 3391 satisfactione
1912 3346 2120 3408 neque
2172 3324 2443 3390 verbum
2499 3324 2639 3387 fieri
2694 3333 2907 3407 potest

519 3430 694 3510 apud
734 3447 924 3493 veros
963 3429 1369 3493 christianos.
2900 3424 2903 3429 ’

607 3532 737 3598 Sed
769 3533 986 3597 nullus
1014 3543 1115 3597 est
1145 3531 1342 3597 timor
1373 3533 1545 3598 illius
1576 3532 2063 3599 obscurationis·
2082 3533 2184 3597 vel
2201 3530 2723 3607 'imminutionis3
2756 3550 2908 3595 nam

522 3645 659 3700 tota
712 3636 812 3701 vis
867 3646 1128 3701 nostrae
1183 3635 1652 3701 satisfactionis
1706 3656 1749 3700 a
1806 3634 2111 3699 Domino
2148 3645 2375 3699 nostro
2429 3635 2589 3716 Jesu
2647 3633 2910 3699 Christo

519 3740 780 3823 pendet,
813 3740 924 3822 qui
959 3750 1064 3804 est
1100 3739 1418 3829 {fontifex
1453 3723 1820 3804 animarum
1858 3749 2249 3813 nostrarum,
2288 3738 2527 3821 quique
2566 3738 2657 3802 ita
2693 3737 2909 3801 vivide

519 3865 561 3910 a
593 3843 790 3909 Conc.
823 3843 1005 3908 Trid.
1038 3842 1459 3909 describitur:
1533 3844 1808 3925 “Neque
1840 3863 1999 3908 vero
2030 3843 2122 3907 ita
2156 3852 2379 3907 nostra
2410 3852 2511 3906 est
2544 3838 2913 3906 satisfactio

520 3948 700 4023 haec,
729 3967 926 4030 quam
957 3960 1080 4030 pro
1109 3947 1388 4030 peccatis
1421 3947 1663 4011 nostris
1696 3945 2115 4022 exsolvimus,
2148 3956 2222 4011 ut
2254 3966 2387 4009 non
2421 3945 2505 4010 sit
2536 3965 2655 4027 per
2688 3942 2910 4009 Chris-

521 4061 661 4116 tum
691 4052 953 4133 Jesum:
983 4071 1137 4116 nam
1166 4051 1277 4133 qui
1308 4072 1394 4115 ex
1427 4050 1613 4115 nobis
1644 4061 1977 4133 tamquam
2008 4070 2095 4115 ex
2128 4048 2315 4115 nobis
2348 4048 2507 4112 nihil
2542 4066 2910 4130 possumus,

521 4174 603 4220 eo
653 4153 1070 4219 confortante
1122 4154 1234 4237 qui
1291 4151 1412 4219 no's
1466 4152 1821 4229 confortat,
1874 4152 2096 4217 omnia
2150 4171 2533 4234 possumus:
2631 4150 2723 4213 ita
2779 4169 2912 4213 non

522 4258 715 4323 habet
747 4258 946 4327 homo
975 4259 1148 4322 unde
1181 4258 1515 4341 glorietur,
1549 4258 1664 4323 sed
1696 4255 1913 4322 omnis
1947 4256 2249 4339 gloriatio
2284 4264 2508 4319 nostra
2544 4254 2612 4318 in
2649 4252 2913 4319 Christo

522 4372 641 4437 est,
674 4362 741 4426 in
771 4383 902 4444 quo
932 4362 1234 4437 vivimuS,
1268 4361 1336 4425 in
1365 4382 1497 4444 quo
1528 4382 1875 4436 meremur,
1906 4360 1973 4423 in
2004 4380 2135 4442 quo
2168 4358 2631 4433 satisfacimuS,
2670 4356 2912 4421 facien-

521 4475 620 4530 tes
671 4465 926 4531 fructus
970 4466 1203 4548 dignos
1246 4465 1700 4548 poenitentiae,
1744 4465 1856 4547 qui
1900 4467 1990 4527 e'x
2032 4464 2143 4529 illo
2187 4463 2321 4528 vim
2368 4461 2627 4536 habent,
2671 4460 2754 4524 ab
2801 4459 2913 4522 illo

521 4568 892 4634 offeruntur
925 4568 1129 4644 Patri,
1159 4579 1226 4633 et
1256 4589 1374 4652 per
1407 4569 1588 4633 illum
1620 4576 2038 4652 acceptantur
2070 4588 2113 4631 a
2146 4564 2403 4631 Patre.”
2478 4563 2723 4630 Omnia
2754 4581 2912 4645 ergo

604 4725 663 4765 ⁴⁴
698 4726 912 4783 samm.
952 4726 1168 4793 Tbeol„
1206 4729 1256 4792 3,
1295 4744 1348 4793 q.
1385 4727 1471 4790 ⁸5.
1511 4744 1562 4782 a.
1601 4728 1653 4783 3.
