3509 5267
926 497 1025 560 De
1066 495 1364 560 Clavium
1398 495 1752 561 Potestoeis
1789 493 2157 558 Existentia
2192 494 2410 574 Atque
2445 494 2722 558 Natura.
2941 495 3024 558 69

630 689 894 761 peccata
951 678 1271 754 mortalia,
1329 698 1497 760 quae
1554 697 1687 741 non
1716 744 1722 749 ,
1748 685 1900 742 sunt
1959 676 2371 752 adulterium,
2429 677 2849 742 homicidium
2909 688 3024 743 aut

632 782 1018 857 idololatria,
1062 802 1227 864 quae
1270 781 1713 846 Tertullianus
1757 779 1998 858 ibidem
2039 790 2229 846 vocat
2273 780 2529 862 majora
2572 791 2636 846 et
2681 781 3022 846 irremissi-

630 884 1207 949 bilia.—Eamdem
1252 883 1765 966 permanentiam
1813 883 2107 965 agnoscit
2154 883 2223 946 in
2270 884 2590 949 solutione
2639 884 3024 966 objectionis

632 1008 828 1068 quam
872 986 993 1052 sibi
1042 986 1201 1051 facit
1244 986 1685 1052 Tertullianus
1728 985 1902 1050 circa
1940 995 2326 1068 potestatem
2369 987 2716 1063 Ecclesiae,
2761 988 2864 1052 cui
2910 989 3022 1051 ob-

630 1088 897 1171 jectioni
940 1089 1032 1154 sic
1072 1091 1453 1171 respondet:
1540 1087 1735 1164 “Sed,
1777 1089 1990 1164 habet,
2031 1089 2266 1171 inquis,
2306 1100 2691 1172 potestatem
2734 1091 3023 1155 Ecclesia

632 1191 865 1256 delicta
905 1191 1209 1256 donandi.
1292 1192 1443 1256 Hoc
1487 1213 1607 1274 eyo
1649 1190 1858 1274 ntaqis
1897 1212 2177 1274 aquosco
2218 1201 2282 1256 et
2321 1192 2616 1273 disp-ono,
2658 1192 2767 1274 qui
2810 1193 3023 1276 ipsum

633 1293 1043 1358 Paracletum
1088 1294 1156 1358 in
1199 1295 1533 1376 prophetis
1576 1294 1766 1360 nobis
1810 1294 2018 1359 habeo
2069 1294 2421 1358 dicentem:
2471 1299 2683 1376 potest
2732 1295 3021 1359 Ecclesia

630 1398 873 1462 donare
899 1397 1224 1472 delictum,
1252 1399 1364 1462 sed
1390 1417 1523 1461 non
1553 1397 1812 1472 faciam,
1839 1417 1921 1460 ne
1947 1407 2012 1461 et
2033 1396 2161 1461 alia
2181 1395 2672 1476 delinquant”²⁷.
2707 1396 3024 1477 Agnoscit

633 1519 789 1581 ergo
840 1499 1217 1575 Ecclesiam,
1270 1521 1383 1564 seu
1434 1499 1760 1582 praelatos
1811 1498 2277 1564 ecclesiasticos
2327 1506 2714 1580 potestatem
2765 1496 3022 1569 habere,

634 1602 748 1666 sed
796 1602 1068 1666 nonvult
1114 1612 1187 1666 ut
1236 1602 1614 1684 hujusmodi
1662 1612 1952 1685 potestas
2002 1609 2402 1676 exerceatur,
2452 1600 2576 1664 “ne
2624 1608 2688 1664 et
2736 1599 2864 1663 alia
2912 1599 3022 1663 de-

632 1704 967 1787 linquant’'
997 1715 1386 1787 peccatores,
2121 1713 2124 1716 ’

720 1821 821 1886 Ob
824 1820 858 1901 j
860 1817 1401 1884 .—Tertullianus
1464 1815 1619 1880 dicit
1682 1824 2070 1898 potestatem
2134 1813 2353 1878 datam
2421 1812 2626 1877 fuisse
2694 1811 2760 1876 S.
2826 1812 3023 1875 Petro

594 1995 603 2006 ο
632 1922 1093 2004 personantem·
1134 1940 1290 2001 ergo
1334 1920 1485 1984 data
1531 1939 1662 1983 non
1709 1918 1839 1982 fuit
1883 1917 2230 1983 Ecclesiae.
2318 1917 2461 1981 “De
2504 1927 2618 1980 tua
2662 1937 2833 1981 nunc
2879 1937 3023 1981 sen-

629 2025 830 2090 tentia
868 2023 1307 2107 quaer0,—-ait
1345 2020 2122 2097 Tertullianus¹⁸,—unde
2160 2020 2283 2084 hoc
2320 2019 2430 2101 jus
2468 2019 2795 2084 Ecclesiae
2833 2040 3022 2084 usur-

629 2149 762 2210 pes.
874 2126 945 2192 Si
1009 2126 1160 2208 quia
1226 2124 1466 2189 dixerit
1530 2124 1729 2188 Petro
1796 2122 2151 2187 Dominus:
2257 2121 2474 2203 Super
2540 2123 2704 2185 hanc
2769 2130 3022 2202 petram

631 2230 983 2310 aedificabo
1041 2227 1400 2292 Ecclesiam
1457 2247 1705 2302 meam,·
1764 2225 1880 2291 tibi
1937 2226 2104 2290 dabo
2164 2227 2376 2289 claves
2431 2225 2620 2306 reyni
2676 2224 3020 2300 caelorum,

630 2333 767 2398 vel:
816 2333 1276 2412 Quaecumque
1319 2329 1686 2411 alliqaveris
1724 2331 1832 2393 vel
1868 2327 2143 2394 solveris
2182 2328 2251 2392 in
2295 2337 2486 2404 terra,
2532 2337 2721 2392 erunt
2761 2329 3022 2408 alliyata

631 2445 695 2500 et
730 2436 944 2500 soluta
979 2435 1046 2498 in
1088 2433 1316 2510 caelis-,⁰
1353 2433 1594 2498 idcirco
1630 2432 1993 2514 praesumis
2033 2441 2099 2496 et
2135 2431 2219 2495 ad
2258 2441 2322 2496 te
2362 2431 2690 2496 derivasse
2729 2431 3020 2496 solvendi

631 2548 693 2602 et
736 2537 1041 2620 alligandi
1081 2546 1487 2619 potestatem,
1530 2535 1597 2599 id
1640 2545 1758 2610 est,
1802 2536 1886 2599 ad
1927 2554 2186 2600 omnem
2230 2534 2588 2598 Ecclesiam
2632 2535 2828 2598 Petro
2870 2554 3022 2617 pro-

631 2639 986 2723 pinquam?
1085 2639 1317 2721 Qualis
1376 2658 1467 2714 es,
1526 2649 1823 2702 evertens
1881 2648 2076 2719 atque
2135 2646 2542 2703 commutans
2601 2637 3021 2702 manifestam

633 2742 896 2807 Domini
932 2742 1354 2806 intentionem
1390 2740 1818 2824 personaliter
1847 2742 1972 2805 hoc
2009 2740 2207 2806 Petro
2239 2738 2733 2805 conferentem?
2805 2740 3023 2821 Super

634 2853 715 2922 te,
758 2846 985 2926 inquit,
1029 2845 1380 2927 aedificabo
1423 2844 1786 2909 Ecclesiam
1827 2865 2059 2920 meam,
2100 2854 2198 2907 et:
2245 2843 2411 2908 dabo
2458 2842 2576 2907 tibi
2616 2845 2847 2920 claves,
2889 2864 3020 2906 non

632 2948 993 3023 Ecclesiae;
1052 2957 1150 3011 et:
1213 2948 1673 3028 Quaecumque
1731 2947 2006 3012 solveris
2061 2947 2168 3011 vel
2219 2945 2608 3028 alliqaveris,
2666 2966 2798 3009 non
2857 2966 3021 3028 quae

632 3050 942 3115 solverint
974 3051 1075 3114 vel
1111 3049 1577 3132 alligaverint”.

715 3159 1222 3239 Resp.—Prima
1286 3159 1505 3222 fronte
1564 3157 1824 3222 videtur
1884 3158 2325 3222 Tertullianus
2389 3158 2709 3240 denegare
2767 3179 3021 3240 perma-

630 3262 917 3325 nentiam
951 3261 1247 3325 clavium.
1330 3260 1460 3325 Sed
1498 3261 1551 3325 si
1588 3271 1832 3325 attente
1866 3261 2311 3325 consideretur
2347 3261 2494 3342 ejus
2532 3261 2822 3336 intenti0,
2860 3282 3021 3324 non-

631 3363 755 3428 nisi
797 3374 990 3445 negat
1032 3363 1388 3428 Ecclesiam
1428 3383 1619 3446 posse
1662 3363 1995 3428 absolvere
2037 3363 2448 3440 adulterium,
2493 3363 2912 3428 homicidium
2956 3374 3021 3429 et

632 3466 1065 3530 idololatriam
1084 3488 1100 3542 ;
1138 3465 1290 3548 quia
1326 3466 1431 3530 hic
1468 3476 1566 3531 est
1600 3486 1837 3548 scopus
1875 3466 2068 3530 libelli
2107 3467 2209 3531 De
2245 3466 2590 3532 Pudicitia.
2672 3467 2826 3530 Non
2865 3487 3022 3549 ergo

631 3579 825 3650 negat
873 3569 1165 3634 absolute
1214 3569 1495 3633 clavium
1541 3579 1951 3652 potestatem,
2000 3565 2117 3633 sed
2167 3569 2620 3633 tantummodo
2671 3569 3019 3650 restringit.

633 3669 807 3734 Dicit
858 3658 1213 3752 praeterea,
1264 3680 1651 3753 potestatem
1707 3670 1999 3756 solvendi
2053 3681 2246 3752 atque
2301 3670 2542 3752 ligandi
2595 3671 3021 3753 personaliter

634 3773 831 3837 Petro
866 3773 1165 3837 collatam
1199 3793 1375 3849 esse3
1414 3774 1527 3838 sed
1561 3774 1683 3838 hoc
1718 3794 1851 3838 non
1888 3773 2044 3838 dicit
2078 3774 2163 3837 ad
2196 3774 2560 3855 negandam
2597 3773 2806 3855 ipsam
2840 3783 3022 3856 pote-

634 3885 886 3950 statem,
933 3894 1149 3957 quam,
1198 3887 1270 3940 ut
1319 3875 1616 3957 superius
1662 3876 1966 3953 vidimus,
2015 3876 2326 3958 agnoscit,
2372 3876 2494 3941 sed
2541 3897 2620 3940 ea
2667 3875 3022 3939 intentione

620 3977 787 4067 ¹dicit
821 3978 998 4052 illud,
1032 3988 1106 4041 ut
1137 3978 1369 4060 probat
1396 3978 1739 4062 psychicos
1773 3999 1887 4043 seu
1920 3978 2270 4044 catholicos
2304 3987 2475 4043 recte
2507 3998 2640 4042 non
2672 3978 3021 4060 procedere

632 4078 699 4142 in
740 4079 1135 4145 absolvendo
1174 4101 1371 4162 supra
1412 4082 1615 4145 relata
1652 4081 1946 4156 crimina,
1987 4092 2286 4162 recteque
2322 4081 2672 4164 procedere
2712 4091 3022 4162 pneuma-

635 4181 795 4246 ticos
860 4181 1359 4263 (montanistas)
1425 4183 1492 4246 in
1547 4183 1928 4264 denegando
1984 4182 2476 4258 absolutionem,
2529 4201 2678 4248 cum
2735 4182 3021 4247 tribuant

632 4283 1010 4365 hujusmodi
1059 4294 1446 4366 potestatem
1492 4285 1613 4350 soli
1668 4286 1884 4350 Petro.
1978 4285 2256 4367 Questio
2301 4306 2460 4367 ergo
2508 4285 2715 4368 mag-is
2763 4287 3022 4350 videtur

634 4384 715 4449 de
759 4386 1059 4451 ministro
1102 4387 1462 4469 potestatis,
1509 4409 1704 4470 quam
1750 4388 1832 4452 de
1879 4387 2020 4469 ipsa
2066 4396 2421 4471 potestate;
2468 4399 2532 4452 et
2581 4388 3024 4453 Tertullianus

634 4488 935 4570 reprobat
988 4498 1243 4554 tantum
1296 4490 1555 4572 praxim
1606 4490 2082 4572 psychicorum,
2135 4489 2269 4572 qui,
2322 4511 2472 4555 cum
2525 4492 2816 4555 carnales
2871 4489 3023 4566 sint,

713 4655 770 4694 1⁷
790 4657 989 4724 Rouet‚
1035 4675 1087 4713 n.
1134 4659 1248 4714 387.
1373 4657 1430 4698 ¹⁸
1450 4658 1649 4726 Rouet‚
1685 4658 1818 4716 ibid.
