3509 5267
887 533 990 595 De
1029 530 1326 595 Cluvium
1360 530 1714 593 Potestatz's
1749 529 2119 593 Existentia
2154 530 2372 611 Atque
2408 531 2685 596 Natura.
2948 533 2988 595 3

681 718 764 783 N.
830 720 905 782 B.
991 718 1363 799 Antequam
1425 717 1881 798 aggrediamur
1941 718 2409 800 probationem,
2471 720 2824 784 videndum
2888 730 2986 784 est

596 822 750 902 quid
791 821 910 886 sibi
949 822 1104 885 velit
1142 821 1370 885 virtus,
1453 822 1563 884 Ad
1602 822 1726 885 hoc
1763 822 2305 903 cognoscendum,
2346 822 2531 887 nobis
2572 824 2849 888 multum
2888 823 2985 885 in-

595 926 831 989 serviet
863 925 1218 1006 disputatio
1249 924 1358 988 illa
1391 944 1586 1005 quam
1620 945 1770 989 cum
1804 925 2058 989 Evodio
2095 925 2402 990 sustinuit
2434 928 2519 992 D.
2554 927 2984 1007 Auyustinus,

595 1030 704 1110 qui
739 1030 831 1093 sic
860 1049 1009 1093 eum
1039 1027 1422 1109 alloquitur:
1499 1027 1825 1092 “Intueris
1856 1028 2029 1091 enim
2061 1028 2403 1109 justitiam,
2434 1049 2562 1110 qua
2595 1050 2786 1094 nemo
2818 1030 2984 1093 male

593 1132 816 1196 utitur.
893 1130 1078 1195 Haec
1109 1130 1277 1194 inter
1309 1152 1563 1194 summa
1591 1130 1783 1205 bona,
1814 1151 1979 1211 quae
2011 1132 2077 1213 in
2110 1132 2252 1214 ipso
2285 1142 2436 1195 sunt
2466 1132 2727 1197 homine
2759 1153 2985 1196 nume-

595 1244 796 1309 ratur,
833 1255 1184 1316 omnesque
1221 1234 1496 1299 virtutes
1531 1234 1731 1297 animi
1771 1235 2006 1316 quibus
2046 1235 2185 1316 ipsa
2224 1245 2399 1299 recta
2436 1235 2571 1299 vita
2610 1247 2673 1299 et
2714 1236 2984 1300 honesta

551 1382 556 1385 -
595 1348 865 1404 constat.
961 1339 1134 1401 Nam
1183 1359 1390 1419 neque
1437 1338 1803 1419 prudentia,
1852 1358 2061 1420 neque
2114 1337 2517 1414 fortitudine,
2568 1359 2774 1420 neque
2822 1347 2984 1402 tem-

593 1443 887 1524 perantia
935 1442 1102 1506 male
1151 1442 1295 1523 quis
1345 1442 1585 1505 utitur:
1637 1442 1704 1504 in
1755 1442 1859 1505 his
1908 1442 2081 1504 enim
2131 1441 2451 1517 omnibuS,
2506 1442 2671 1510 sieut
2722 1442 2790 1505 in
2842 1443 2983 1524 ipsa

594 1546 789 1609 etiam
824 1566 1019 1627 quam
1053 1555 1126 1609 tu
1162 1545 1681 1609 commemorasti
1720 1544 1992 1625 justitia,
2032 1555 2208 1609 recta
2245 1546 2411 1610 ratio
2448 1546 2643 1627 viget,
2681 1545 2819 1609 sine
2856 1565 2985 1627 qua

592 1649 866 1713 virtutes
904 1670 1045 1713 esse
1082 1669 1213 1713 non
1249 1659 1542 1730 possunt,
1627 1650 1764 1713 Ista
1800 1669 1955 1730 ergo
1990 1669 2227 1730 magna
2264 1649 2433 1713 bona
2473 1659 2657 1713 sunt:
2698 1650 2812 1713 sed
2850 1668 2983 1712 me-

593 1753 857 1827 minisse
906 1762 970 1817 te
1017 1762 1294 1835 oportet,
1343 1773 1474 1816 non
1524 1752 1734 1817 solum
1784 1772 2038 1833 magna,
2088 1753 2202 1816 sed
2252 1752 2448 1816 etiam
2497 1752 2765 1815 minima
2814 1752 2984 1815 bona

594 1877 724 1920 non
767 1878 908 1921 esse
949 1876 1162 1939 posse,
1209 1857 1332 1921 nisi
1377 1857 1459 1921 ab
1505 1856 1635 1931 illo,
1680 1878 1720 1920 a
1767 1876 1898 1937 quo
1943 1866 2093 1920 sunt
2136 1856 2357 1919 omnia
2401 1856 2588 1932 bona,
2634 1856 2757 1920 hoc
2802 1866 2899 1919 est
2944 1876 2983 1919 a

595 1960 736 2023 Deo
783 2010 796 2023 .
843 2010 858 2024 .
907 2010 922 2025 .
1010 1959 1304 2024 Virtutes
1371 1960 1589 2041 igitur,
1653 1960 1888 2041 quibus
1953 1968 2124 2023 recte
2186 1959 2450 2033 vivitur,
2514 1980 2749 2039 magna
2814 1960 2984 2022 bona

595 2071 778 2125 sunt:
837 2062 1081 2144 species
1135 2071 1354 2126 autem
1409 2061 1842 2143 quorumlibet
1900 2082 2266 2144 corporum,
2324 2064 2463 2127 sine
2518 2062 2751 2143 quibus
2812 2070 2983 2125 recte

592 2166 724 2230 vivi
785 2175 1020 2247 potest,
1083 2166 1351 2230 minima
1414 2166 1583 2229 bona
1647 2175 1833 2241 sunt;
1896 2166 2221 2247 potentiae
2283 2186 2441 2231 vero
2504 2166 2779 2239 animae,
2844 2165 2982 2229 sine

591 2270 824 2351 quibus
846 2269 978 2334 vivi
1005 2290 1137 2333 non
1159 2279 1392 2351 potest,
1420 2270 1632 2334 media
1657 2270 1827 2334 bona
1854 2279 2022 2334 sunt.
2052 2269 2419 2333 Virtutibus
2446 2289 2636 2333 nemo
2664 2270 2830 2331 male
2856 2267 2982 2333 uti-

592 2381 732 2435 tur:
760 2372 989 2436 ceteris
1016 2382 1234 2436 autem
1257 2373 1464 2448 bonis,
1490 2373 1556 2435 id
1582 2383 1700 2447 est,
1727 2373 1957 2437 mediis
1983 2382 2046 2435 et
2073 2372 2378 2447 minimis,
2404 2394 2535 2436 non
2563 2374 2772 2437 solum
2798 2371 2981 2447 bene,

593 2475 707 2538 sed
749 2475 944 2539 etiam
989 2477 1155 2539 male
1199 2476 1470 2557 quisque
1512 2475 1607 2540 uti
1652 2486 1885 2557 potest.
1973 2475 2060 2539 Et
2102 2475 2250 2540 ideo
2293 2475 2534 2540 virtute
2578 2496 2769 2541 nemo
2815 2475 2981 2539 male

591 2579 816 2653 utitur,
846 2578 998 2660 quia
1028 2599 1192 2659 opus
1221 2578 1482 2643 virtutis
1513 2589 1610 2643 est
1639 2579 1848 2643 bonus
1878 2599 2035 2643 usus
2069 2579 2362 2653 istorum,
2395 2580 2627 2660 quibus
2658 2599 2789 2643 non
2820 2581 2981 2645 bene

595 2681 686 2743 uti
735 2701 1102 2762 possumus,
1195 2681 1409 2745 Nemo
1456 2690 1674 2745 autem
1722 2682 1885 2745 bene
1934 2683 2179 2746 utendo
2226 2682 2393 2745 male
2441 2682 2664 2746 utitur.
2757 2682 2981 2764 Quare

591 2784 987 2847 abundantia
1037 2795 1100 2848 et
1151 2785 1529 2865 magnitudo
1580 2785 1887 2849 bonitatis
1940 2786 2063 2848 Dei
2114 2806 2246 2848 non
2297 2786 2507 2849 solum
2558 2806 2812 2867 magna,
2867 2786 2981 2849 sed

593 2888 785 2951 etiam
837 2887 1049 2951 media
1100 2899 1163 2952 et
1213 2889 1482 2951 minima
1531 2888 1700 2952 bona
1751 2909 1894 2952 esse
1946 2888 2287 2969 praestitit.
2385 2887 2603 2969 Magis
2658 2888 2981 2957 laudanda

592 3001 688 3054 est
733 2991 986 3055 bonitas
1031 2991 1176 3071 ejus
1223 2992 1290 3054 in
1334 2992 1607 3072 magniS,
1651 3012 1848 3073 quam
1894 2992 1961 3053 in
2008 2992 2259 3065 mediiS,
2305 3011 2499 3071 quam
2548 2990 2614 3053 in
2658 2992 2978 3055 minimis:

593 3095 704 3157 sed
750 3094 956 3175 magis
1003 3094 1069 3157 in
1113 3096 1432 3171 omnibus,
1479 3115 1672 3176 quam
1721 3096 1775 3159 si
1824 3115 1955 3158 non
2000 3094 2220 3158 omnia
2263 3093 2682 3158 tribuisset”⁶.

677 3204 905 3268 Virtus
958 3205 1172 3284 itaque
1226 3214 1323 3268 est
1373 3204 1543 3267 bona
1594 3204 1871 3285 qualitas
1922 3225 2049 3285 qua
2103 3205 2247 3285 quis
2301 3212 2471 3267 recte
2521 3204 2683 3267 vivit
2736 3215 2799 3267 et
2852 3199 2979 3284 qua

592 3326 782 3371 nemo
827 3309 993 3371 male
1039 3309 1262 3383 utitur,
1309 3329 1444 3383 seu,
1489 3320 1586 3372 est
1631 3308 1890 3371 habitus
1933 3309 2166 3389 agendi
2214 3308 2406 3390 juxta
2450 3316 2661 3371 rectae
2710 3308 2978 3371 rationis

591 3410 912 3473 dictamen
953 3421 1144 3492 atque
1186 3411 1336 3473 fidei
1382 3412 1896 3476 illustrationem.

561 3534 567 3539 ·
675 3514 950 3595 Cognita
987 3516 1246 3579 virtutis
1287 3515 1681 3592 definitione,
1721 3536 1893 3579 nunc
1930 3516 2337 3597 probandum
2378 3525 2476 3579 est
2514 3514 2977 3596 poenitentiam

588 3617 894 3681 virtutem
936 3638 1097 3683 esse.

684 3726 814 3808 (B)
889 3727 1294 3809 Prob.—-(a)
1373 3728 1710 3809 Quidquid
1777 3750 1817 3791 a
1886 3729 2171 3792 Domino
2237 3728 2649 3809 praecipitur,
2720 3727 2977 3791 nonnisi

585 3830 794 3895 virtus
833 3851 974 3895 esse
1011 3841 1260 3912 potest;
1300 3832 1414 3896 sed
1450 3832 1847 3913 poenitentia
1885 3832 2279 3913 praecipitur
2316 3852 2356 3894 a
2398 3831 2717 3905 Domino;
2756 3850 2931 3910 erge.

673 3941 753 4002 M
755 3940 911 4021 ajor,
937 3941 1317 4021 probatione
1355 3962 1488 4003 non
1526 3942 1789 4021 indiget,
1829 3962 1975 4004 cum
2012 3949 2230 4021 pateat
2270 3940 2483 4003 Deum
2522 3959 2841 4003 summam
2882 3939 2977 4000 in-

591 4041 966 4124 finitamque
1021 4044 1470 4107 restitudinem
1523 4045 1965 4108 esse.—Prob.
2022 4044 2175 4107 min.
2231 4043 2501 4106 Ezech.:
2598 4040 2978 4105 “Converti-

589 4146 769 4220 mini‚
808 4156 872 4210 et
907 4148 1077 4228 agite
1113 4147 1575 4229 poenitentiam
1615 4149 1696 4211 ab
1735 4148 2033 4210 omnibus
2073 4146 2517 4226 iniquitatibus
2556 4145 2789 4209 vestris
2836 4194 2851 4207 .
2899 4193 2913 4207 .
2962 4194 2975 4207 .

593 4249 903 4331 Projicite
947 4272 987 4313 a
1029 4251 1214 4314 vobis
1259 4270 1483 4317 omnes
1527 4251 2115 4332 praevaricationes
2161 4249 2227 4310 in
2274 4246 2505 4329 quibus
2550 4248 2975 4329 praevaricati

591 4353 766 4427 estis,
819 4364 883 4417 et
942 4353 1136 4417 facite
1188 4354 1372 4417 vobis
1424 4374 1539 4417 cor
1589 4374 1832 4417 novum
1888 4364 1951 4416 et
2006 4352 2305 4434 spiritum
2360 4349 2977 4430 novum''⁷.—-Quod

589 4454 823 4519 Ezech.
865 4456 933 4518 in
973 4456 1055 4520 V.
1097 4456 1175 4519 T.
1215 4457 1632 4537 praedicavit,
1671 4456 1793 4519 hoc
1834 4466 1897 4520 et
1937 4454 2168 4537 repetit
2207 4453 2273 4515 in
2316 4454 2400 4518 N.
2442 4454 2519 4517 T.
2560 4453 2630 4517 S.
2670 4454 2976 4527 Ioannes,

674 4623 806 4681 “De
843 4624 1028 4680 Liber.
1065 4624 1298 4689 Arbitr.,
1337 4624 1428 4679 lib.
1468 4625 1544 4691 11,
1584 4642 1701 4691 cap.
1742 4625 1822 4691 19,
1860 4644 1913 4681 n.
1950 4626 2032 4681 50.

675 4691 700 4729 ⁷
721 4694 852 4758 Cap.
888 4695 974 4761 18,
1015 4694 1082 4746 30
1108 4695 1188 4745 31.
