3509 5267
501 476 587 537 30
807 476 908 539 De
946 472 1247 538 clavium
1279 473 1634 537 Potestatis
1665 472 2040 538 Existentia
2072 473 2291 554 Atque
2326 475 2604 539 Natura.

505 636 838 723 venienter
881 656 1199 721 terminus
1243 654 1368 731 ille,
1415 655 1568 737 quia
1613 656 1739 720 “ad
1784 656 2237 722 instruendum
2280 658 2595 742 populum
2640 659 2898 741 aptissi-

505 783 652 827 mus
690 760 906 826 est”⁸⁰.

589 871 818 937 Gratia
848 891 1044 953 quam
1077 880 1518 952 repraesentat
1548 881 1612 935 et
1642 870 1944 952 producit
1978 881 2452 937 sacramentum
2486 874 2730 955 duplex
2760 883 2896 939 est:

505 975 717 1057 gratia
767 974 1178 1040 sanctificans
1228 984 1295 1039 et
1343 974 1554 1055 gratia
1608 974 2110 1039 sacramentalis.
2208 974 2436 1041 Gratia
2483 975 2899 1041 sanctificans

507 1100 622 1144 seu
666 1078 1012 1143 habitualis
1055 1088 1153 1143 est
1197 1078 1475 1159 qualitas
1521 1078 2031 1160 supernaturalis
2076 1079 2247 1160 “qua
2291 1078 2452 1160 justi
2496 1090 2562 1144 et
2607 1079 2723 1144 filii
2773 1080 2895 1143 Dei

506 1182 745 1258 effecti,
781 1192 1083 1246 aeternae
1117 1202 1376 1265 quoque
1415 1182 1642 1247 salutis
1682 1181 2125 1247 instituimur”
2164 1203 2278 1248 seu
2316 1182 2581 1247 “divina
2619 1183 2898 1265 qualitas

506 1286 575 1350 in
614 1286 832 1351 anima
873 1286 1216 1351 inhaerens
1255 1306 1332 1350 ac
1373 1286 1572 1351 veluti
1617 1286 1923 1369 splendor
1962 1287 2225 1367 quidem
2266 1297 2331 1351 et
2373 1288 2510 1363 luit,
2552 1308 2717 1370 quae
2758 1287 2900 1351 ani-

506 1409 762 1453 marum
803 1399 1175 1454 nostrarum
1216 1389 1502 1453 maculas
1544 1409 1771 1454 omnes
1814 1390 2003 1471 delet,
2049 1389 2349 1471 ipsasque
2389 1391 2792 1472 pulchriores
2832 1400 2896 1454 et

507 1493 977 1575 splendidiores
1011 1492 1338 1557 reddit”⁸².
1367 1529 1454 1540 —
1490 1492 1990 1558 Sacramentalis
2021 1494 2234 1575 gratia
2264 1504 2361 1557 est
2394 1494 2505 1575 jus
2537 1496 2621 1559 ad
2654 1494 2899 1575 gratias

505 1598 791 1661 actuales
829 1617 950 1661 suo
987 1606 1279 1679 tempore
1317 1596 1750 1662 conferendas
1790 1618 1830 1662 a
1870 1597 2033 1673 Dee,
2072 1598 2265 1679 juxta
2303 1617 2713 1662 communem
2754 1618 2898 1662 sen-

504 1701 795 1765 tentiam.

590 1809 790 1892 Quod
827 1820 1044 1875 autem
1081 1820 1556 1876 sacramentum
1593 1810 1678 1875 sit
1713 1809 2236 1893 significativum,
2272 1820 2487 1894 patet;
2524 1831 2675 1875 narn
2714 1830 2898 1876 secus

507 1934 640 1978 non
671 1924 840 1979 esset
875 1914 1150 1997 signum.
1231 1914 1362 1979 Sed
1394 1914 1805 1996 peculiaritas
1842 1914 2008 1996 signi
2046 1915 2528 1980 sacramentalis
2563 1915 2630 1979 in
2666 1934 2745 1979 eo
2780 1924 2897 1989 est,

507 2019 683 2099 quod
715 2018 1031 2099 producat
1067 2039 1204 2083 rem
1243 2017 1582 2100 signatam,
1617 2019 1658 2083 i.
1695 2040 1773 2093 e.‚
1809 2019 1984 2100 quod
2019 2019 2335 2101 producat
2370 2019 2666 2099 gratiam,
2704 2040 2897 2101 quam

511 2121 848 2203 significat.
938 2121 1207 2186 Praeter
1251 2121 1454 2204 signa,
1497 2142 1663 2204 quae
1708 2141 2029 2187 consensu
2074 2121 2413 2187 hominum
2458 2133 2523 2187 et
2566 2123 2901 2187 voluntate

511 2233 682 2300 sunt,
746 2224 838 2288 ait
905 2224 1165 2290 Catech.
1232 2226 1445 2302 Rom,
1511 2224 1680 2289 “alia
1743 2225 2063 2307 quaedam
2131 2236 2282 2289 sunt
2349 2225 2659 2289 divinitus
2727 2225 2897 2298 data,

509 2347 786 2408 quorum
830 2336 1049 2391 tamen
1093 2347 1226 2391 non
1270 2348 1475 2391 unum
1517 2348 1722 2409 genus
1769 2348 1911 2393 esse
1956 2348 2181 2393 omnes
2227 2328 2655 2393 consentiunt.
2747 2326 2900 2390 Alia

509 2430 682 2493 enirn
729 2431 913 2512 signa
956 2432 1039 2496 ob
1087 2452 1230 2495 earn
1272 2442 1529 2496 tantum
1574 2451 1711 2495 rem
1757 2452 1799 2496 a
1846 2432 1988 2495 Deo
2033 2431 2403 2495 hominibus
2449 2431 2899 2496 commendata

509 2544 681 2608 sunt,
720 2544 792 2598 ut
829 2534 1072 2617 aliquid
1109 2535 1550 2617 siqnificarent
1589 2536 1691 2599 vel
1731 2536 2175 2611 admonerent,
2216 2534 2586 2615 cujusmodi
2632 2534 2899 2597 fuerunt

509 2638 668 2720 legis
726 2638 1228 2720 purificationeS,
1259 2662 1273 2671 ’
1286 2639 1474 2720 panis
1532 2660 1819 2721 azymuS‚
1880 2648 1946 2703 et
2001 2637 2130 2702 alia
2188 2639 2530 2721 permulta,
2590 2626 2757 2720 quae
2812 2636 2900 2699 ad

508 2742 774 2806 mosaici
811 2742 1024 2807 cultus
1063 2742 1502 2807 caeremonias
1538 2742 1983 2825 pertinebant;
2020 2742 2149 2807 alia
2184 2762 2343 2807 vero
2382 2742 2562 2807 Deus
2600 2739 2899 2814 instituit,

509 2866 674 2927 quae
731 2865 865 2909 non
921 2844 1326 2927 significandi
1385 2846 1582 2909 modo
1639 2846 1755 2910 sed
1813 2844 2123 2910 efficiendi
2180 2843 2377 2908 etiam
2432 2843 2571 2908 vim
2626 2843 2901 2918 habent;

508 2959 703 3031 atque
745 2949 868 3013 hoc
911 2950 1254 3031 posteriori
1301 2950 1635 3031 signorum
1681 2969 1915 3031 genere
1962 2949 2383 3014 Sacramenta
2431 2948 2659 3013 Novae
2706 2946 2902 3028 Legis

507 3053 911 3116 numeranda
970 3073 1112 3118 esse
1174 3052 1419 3135 liquido
1480 3063 1768 3135 apparet.
1876 3051 2079 3134 Signa
2139 3052 2313 3115 enim
2376 3061 2527 3115 sunt
2588 3050 2899 3115 divinitus

511 3157 770 3232 tradita,
820 3178 952 3221 non
1001 3158 1082 3236 ab
1129 3157 1498 3222 hominibus
1549 3157 1833 3232 inventa,
1881 3177 2047 3238 quae
2097 3156 2191 3220 rei
2240 3154 2609 3237 cujuspiam
2658 3172 2901 3227 sacrae,

509 3281 706 3342 quam
743 3261 1094 3337 declarant,
1128 3261 1535 3325 efficientiam
1575 3261 1642 3325 in
1679 3281 1750 3326 se
1786 3260 2116 3325 continere
2153 3270 2332 3325 certo
2368 3257 2817 3323 credimus”⁸².

597 3381 728 3446 Sed
762 3365 1091 3463 quomodo
1125 3392 1528 3445 sacramenta
1561 3379 1914 3445 conferunt
1948 3378 2271 3461 gratiam?
2348 3379 2516 3443 Eam
2550 3377 2901 3442 conferunt

511 3504 596 3547 ex
631 3503 828 3565 opera
861 3494 1150 3566 operato,
1187 3484 1227 3548 i.
1264 3504 1340 3560 e.‚
1377 3504 1456 3549 eo
1491 3484 1635 3564 ipso
1669 3484 1845 3566 quod
1883 3502 2065 3548 sacer
2100 3482 2265 3545 ritus
2298 3481 2513 3546 valide
2546 3480 2899 3563 peragitur,

512 3588 676 3652 ritus
719 3586 857 3669 ipse
900 3587 1176 3669 gratiam
1221 3587 1551 3669 recipienti
1596 3588 1727 3651 dat.
1817 3586 2121 3651 Efficacia
2166 3586 2330 3650 ritus
2374 3585 2548 3650 illius
2592 3604 2709 3649 seu
2752 3583 2902 3664 ejus

509 3692 611 3756 vis
651 3691 984 3755 causativa
1023 3711 1064 3755 a
1106 3691 1355 3756 meritis
1396 3701 1511 3755 aut
1553 3691 1740 3756 bonis
1784 3690 2065 3754 motibus
2112 3689 2248 3754 sive
2290 3688 2720 3753 ministrantis
2764 3686 2899 3751 sive

513 3794 880 3875 recipientis
924 3814 1057 3858 non
1101 3795 1360 3876 pendet,
1406 3793 1823 3875 quantumvis
1868 3803 2088 3856 tamen
2135 3791 2483 3855 nonnullae
2530 3787 2901 3873 praerequi-

513 3906 740 3962 rantur
767 3897 1226 3979 dispositiones
1254 3897 1322 3962 in
1353 3897 1717 3981 recipiente.
1794 3896 2005 3979 Legas
2035 3896 2104 3959 in
2135 3895 2331 3961 Conc.
2364 3894 2568 3971 Trid.,
2598 3914 2737 3959 can.
2768 3888 2900 3968 6-8,

511 4020 669 4065 sess.
708 4014 765 4080 7.
845 3999 996 4064 Hoc
1030 4001 1110 4064 de
1146 4000 1274 4065 fide
1307 4010 1425 4075 est,
1459 4010 1533 4064 ut
1566 4010 1822 4064 constat
1854 4020 1941 4063 ex
1977 3998 2181 4073 Trid.,
2216 3999 2337 4063 loc.
2374 3997 2501 4073 cit„
2538 3996 2653 4060 sed
2689 3994 2900 4060 adhuc

511 4104 880 4185 disputatur
923 4104 1092 4168 inter
1130 4104 1487 4187 theologOS,
1529 4114 1751 4168 utrum
1795 4104 1904 4167 illa
1944 4102 2291 4167 causalitas
2332 4101 2417 4165 sit
2457 4099 2745 4184 physica,
2786 4106 2902 4161 aut

511 4207 796 4283 moraliS,
836 4217 950 4271 aut
993 4207 1452 4273 intentionaliS.
1539 4207 1627 4272 Et
1667 4208 1735 4271 in
1779 4207 1902 4271 hoc
1943 4206 2387 4288 unusquisque
2429 4203 2500 4267 in
2542 4223 2665 4267 suo
2708 4216 2901 4266 sensu

512 4310 814 4387 abundet,
865 4311 1071 4375 donec
1124 4310 1363 4376 Sancta
1414 4310 1634 4376 Mater
1684 4309 1976 4376 Ecclesia
2027 4310 2348 4392 loquatur.

569 4492 800 4549 ¹¹¹⁰Van
839 4492 894 4546 Ν
899 4503 1042 4559 oort,
1083 4494 1170 4550 De
1214 4494 1480 4560 Sacram„
1518 4493 1947 4560 Amstelodami,
1988 4510 2039 4549 a.
2084 4492 2229 4559 1910,
2269 4508 2395 4559 pag.
2438 4490 2487 4547 6.

595 4567 648 4605 ⁶¹
669 4567 894 4623 Catech.
935 4567 1113 4635 Rom„
1154 4568 1217 4625 P.
1259 4568 1334 4634 11,
1369 4584 1488 4635 cap.
1527 4570 1576 4634 2,
1611 4586 1666 4625 n.
1703 4569 1785 4624 50.

594 4641 652 4681 ⁶²
671 4643 735 4697 Ρ.
782 4642 858 4707 11,
897 4659 1020 4707 cap.
1065 4643 1108 4709 1,
1153 4661 1206 4698 n.
1249 4643 1297 4697 9.
