3509 5267
915 518 1018 583 De
1057 516 1356 583 Cluvium
1387 516 1742 601 Potestatis
1778 516 2415 599 ExistentiaAtque.
2434 518 2506 581 N
2506 526 2713 605 atum.
2933 519 3019 583 59

626 712 690 767 et
724 722 952 785 pacem
986 722 1103 785 per
1138 712 1466 767 assuetam
1503 699 1833 782 judaicam
1872 701 2360 781 salutationem:
2415 701 2635 789 51³³}
2666 702 2895 777 vobis”
2915 703 3018 766 !—

627 805 878 872 Deinde
919 803 1220 869 Salvator
1255 814 1478 871 noster
1496 803 1870 886 ,Apostolos
1909 803 2217 888 certiores
2260 804 2418 867 facit
2458 805 2545 868 de.
2581 825 2700 869 sua
2739 805 3015 868 mirabili

627 929 667 972 a
704 907 978 972 mortuis
1017 907 1486 971 resurreetione
1527 906 1620 971 eis
1657 906 2064 971 ostendendo
2099 927 2350 982 manus,
2391 907 2624 989 quibus
2664 928 3017 990 permagna

627 1020 932 1093 operatus
972 1004 1071 1074 est
1109 1029 1308 1092 opera
1347 1019 1542 1091 atque
1581 1009 1913 1085 miracula,
1957 1029 2208 1091 necnon
2250 1010 2419 1075 latus
2461 1010 2637 1091 quod
2678 1020 3017 1091 tantopere

628 1113 842 1177 Deum
886 1122 1079 1193 atque
1124 1132 1329 1193 genus
1372 1111 1730 1176 humanum
1777 1111 2024 1175 dilexit.
2114 1111 2200 1176 Et
2243 1111 2451 1193 gavisi
2500 1122 2651 1177 sunt
2698 1112 3016 1194 discipuli,

627 1214 770 1280 viso
821 1214 1140 1278 Domino!
1231 1213 1402 1296 Quis
1451 1214 1623 1278 enim
1672 1234 1806 1278 non
1854 1215 2185 1296 gauderet,
2231 1214 2375 1278 visa
2423 1224 2605 1278 tanta
2653 1214 3017 1295 majestate,

627 1327 810 1382 tanta
861 1312 1360 1400 pulchritudine,
1413 1316 1558 1382 viso
1609 1328 1795 1381 tanto
1848 1317 2183 1391 miracu10,
2237 1316 2505 1399 visaque
2560 1309 3017 1399 adimpletione

633 1418 790 1484 facti
837 1420 975 1502 jam
1018 1419 1264 1502 pluries
1307 1440 1350 1483 a
1395 1420 1680 1485 Domino
1724 1418 2138 1502 prophetati?

711 1547 860 1628 Jam
911 1546 1232 1611 Dominus
1281 1545 1418 1611 suis
1468 1546 1805 1628 Apostolis
1854 1566 2079 1628 pacem
2130 1546 2432 1622 dederat;
2484 1547 2599 1611 sed
2649 1546 2833 1628 quasi
2884 1566 3018 1609 non

629 1658 970 1714 contentus
1014 1669 1146 1714 una
1188 1658 1442 1713 tantum
1489 1648 1895 1724 salutatione,
1942 1648 2177 1712 iterum
2223 1669 2334 1713 eos
2382 1649 2637 1723 salutat,
2686 1648 3018 1713 abundan-

629 1751 861 1815 tiorem
902 1750 1178 1833 gratiam
1222 1751 1379 1834 ipsis
1404 1750 1682 1815 confert
1725 1772 1844 1815 sua
1885 1751 2116 1815 iterata
2160 1751 2567 1826 salutatione,
2608 1762 2801 1833 atque
2844 1751 3018 1833 ipsos

632 1854 897 1930 officiali,
936 1864 1010 1918 ut
1049 1854 1141 1918 ita
1177 1854 1410 1929 dicam,
1451 1854 1645 1918 modo
1687 1875 1843 1918 suos
1883 1853 2259 1936 Apostolos,
2302 1874 2455 1919 suos
2495 1854 2740 1935 legatos
2780 1854 3019 1918 consti-

627 1957 787 2021 tuit:
863 1956 1093 2020 “Dixit
1123 1977 1279 2038 ergo
1310 1957 1404 2021 eis
1436 1955 1705 2020 iterum:
1784 1956 1928 2019 Pax
1956 1957 2161 2021 vobis.
2242 1955 2424 2022 Sicut
2456 1956 2633 2020 misit
2665 1977 2769 2020 me
2803 1957 3018 2031 Pater,

629 2069 694 2124 et
725 2079 847 2141 ego
879 2059 1068 2124 mitto
1099 2058 1278 2123 vos’'.
1354 2058 1470 2123 Eis
1501 2055 1847 2124 committit
1879 2060 2174 2123 eamdem
2207 2058 2601 2134 missionem,
2636 2080 2831 2141 quam
2871 2060 3019 2141 Ipse

629 2182 670 2225 a
708 2161 902 2226 Patre
938 2162 1195 2226 caelesti
1235 2161 1492 2243 recepit,
1529 2182 1640 2226 eos
1678 2162 2014 2226 constituit
2053 2183 2205 2226 suos
2245 2172 2821 2244 repraesentantes,
2862 2162 3019 2243 ipsis

630 2265 829 2328 tradit
894 2263 1250 2328 Ecclesiam
1316 2264 1821 2346 gubernandam.
1911 2264 2107 2328 Pater
2170 2264 2329 2327 mihi
2395 2264 2682 2328 divinam
2748 2264 3020 2328 contulit

631 2367 1101 2441 auctoritatem,
1148 2366 1292 2448 Ego
1335 2368 1630 2430 eamdem
1674 2367 1860 2431 vobis
1906 2366 2215 2441 confero;
2248 2366 2461 2435 Pater
2504 2366 2710 2432 voluit
2755 2378 2827 2430 ut
2878 2367 3021 2447 Ego

633 2467 906 2532 salutem
962 2469 1228 2532 humani
1285 2470 1541 2549 generis
1597 2490 2036 2551 procurarem,
2094 2469 2237 2549 Ego
2294 2471 2445 2533 volo
2504 2480 2577 2533 ut
2632 2490 2751 2534 vos
2811 2470 3020 2533 eidem

632 2571 892 2652 negotio
935 2592 1200 2653 operam
1243 2572 1511 2636 navetis.
1602 2572 1805 2636 Hisce
1850 2592 2005 2653 ergo
2048 2572 2263 2636 verbis
2309 2572 2651 2653 aliqualem
2700 2572 3020 2636 Dominus

631 2674 1134 2754 parallelismum
1181 2675 1408 2739 statuit
1451 2675 1827 2739 missionem
1872 2696 2056 2739 suam
2102 2674 2268 2738 inter
2313 2685 2377 2738 et
2422 2674 2795 2739 missionem
2841 2675 3019 2755 Apo-

633 2776 966 2840 stolorum.
1078 2777 1286 2841 Notes
1347 2777 1887 2859 parallelismum:
1999 2776 2181 2842 Sicut
2227 2827 2241 2840 .
2289 2827 2305 2841 .
2352 2788 2475 2842 ..et
2551 2776 2759 2858 (ita);
2827 2778 3022 2842 Pater

697 2927 712 2942 .
759 2928 774 2941 .
819 2898 976 2959 ego;
1014 2879 1205 2943 misit
1252 2930 1266 2944 .
1312 2929 1327 2943 .
1375 2929 1390 2943 .
1435 2880 1659 2956 mitto;
1711 2900 1815 2944 me
1862 2930 1876 2944 .
1925 2930 1939 2943 .
1987 2930 2002 2944 .
2045 2901 2183 2945 νος.

716 2999 944 3063 “Haec
987 3021 1136 3065 cum
1179 3001 1471 3076 dixisset,
1519 3001 1897 3077 insufflavit,
1934 3013 1998 3066 et
2043 3002 2211 3066 dixit
2257 3002 2384 3066 eis:
2474 3003 2767 3084 Accipite
2818 3002 3021 3083 Spiri-

633 3110 772 3165 tum
830 3102 1174 3168 Sa'nctum:
1227 3124 1505 3186 quorum
1560 3105 1937 3169 remiseritis
1991 3115 2253 3187 peccata
2306 3105 2723 3169 remittuntur
2776 3104 2904 3180 eis;
2956 3114 3022 3169 et

633 3224 910 3285 quorum
947 3206 1359 3281 retinueritis,
1398 3218 1646 3271 retenta
1683 3206 2359 3272 sunt”.—Insufflavit.
2440 3207 2607 3272 Cum
2645 3207 2826 3271 Deus
2862 3206 3021 3269 nihil

638 3305 887 3371 frustra
946 3307 1163 3384 faciat,
1218 3308 1378 3373 haec
1435 3308 1783 3374 insufflatio
1838 3310 2025 3374 nobis
2080 3310 2323 3391 aliquid
2382 3310 2592 3373 innuit
2648 3330 2890 3373 novum
2946 3330 3023 3373 ac

635 3408 977 3490 singulare.
1065 3410 1152 3474 Et
1194 3432 1263 3475 re
1305 3412 1566 3493 quidem
1608 3426 1797 3487 vera,
1829 3412 2021 3492 juxta
2064 3411 2293 3477 Patres
2338 3422 2401 3477 et
2442 3411 3022 3486 commentaristaS,

633 3509 790 3575 haec
823 3512 1170 3577 insufflatio
1202 3525 1299 3577 est
1331 3515 1502 3579 actio
1535 3514 1886 3596 symbolica
1921 3535 2048 3596 qua
2080 3514 2286 3579 voluit
2324 3514 2623 3579 Christus
2659 3513 3023 3596 significare

633 3613 1041 3677 collationem
1089 3614 1371 3697 Spiritus
1420 3616 1675 3680 Sancti:
1765 3617 2099 3699 “Accipite
2148 3616 2466 3699 Spiritum
2514 3616 2886 3692 Sanctum”,
2930 3617 3023 3681 ait

636 3715 958 3779 Dominus
1023 3716 1377 3799 Apostolis.
1466 3718 1780 3782 Attamen
1844 3718 1950 3782 hic
2016 3730 2081 3783 et
2148 3738 2320 3782 nunc
2392 3717 2675 3802 Spiritus
2736 3718 3023 3783 Sanctus

634 3816 970 3899 Apostolis
1012 3819 1205 3884 datur
1245 3841 1377 3884 non
1419 3821 1504 3885 ad
1546 3822 1783 3897 omnia,
1829 3822 1993 3886 sicut
2036 3821 2104 3884 in
2149 3821 2549 3897 Pentecoste,
2592 3822 2707 3887 sed
2750 3821 2834 3884 ad
2881 3841 3023 3902 spe-

634 3918 794 3982 ciale
839 3941 1076 3987 munus
1121 3923 1519 3988 remissionis
1566 3934 1678 3988 aut
1725 3924 2103 3988 retentionis
2147 3932 2579 4006 peccatorum.
2670 3923 2829 3987 Ideo
2873 3923 3023 3987 sub-

635 4020 729 4084 dit
787 4022 1108 4087 Dominus
1161 4022 1388 4105 Jesus:
1490 4024 1834 4106 “Quorum
1894 4026 2270 4090 remiseritis
2316 4075 2331 4089 .
2378 4074 2393 4090 .
2441 4074 2456 4089 .
2503 4025 2542 4055 ’³
2640 4025 2830 4090 Adeo
2856 4076 2860 4081 .
2886 4045 3024 4087 ma·

633 4143 852 4203 gnum,
896 4126 1383 4205 praeexcelsum
1426 4138 1618 4210 atque
1662 4128 2008 4192 delicatum
2051 4148 2287 4192 munus
2330 4138 2428 4192 est
2468 4137 2881 4209 peccatorum
2925 4146 3025 4189 re-

634 4224 859 4290 missio
903 4238 1016 4291 aut
1060 4229 1354 4305 retenti0‚
1399 4240 1470 4293 ut
1515 4231 1810 4312 specialis
1857 4230 2222 4312 requiratur
2269 4229 2550 4313 Spiritus
2598 4228 2818 4294 Sancti
2864 4228 3024 4293 assi-

619 4327 904 4392 stentia!

719 4440 1062 4522 “Quorum
1109 4443 1486 4509 remiseritis
1529 4456 1812 4527 peccata,
1859 4446 2276 4510 remittuntur
2319 4447 2448 4522 eis;
2492 4456 2557 4510 et
2601 4466 2879 4527 quorum
2925 4466 3024 4511 re-

636 4541 980 4619 tinueritis,
1043 4555 1292 4609 retenta
1353 4546 1565 4612 sunt”.
1671 4548 1777 4609 En
1838 4548 2129 4629 “Magna
2191 4548 2475 4613 Charta”
2536 4568 2665 4629 qua
2725 4547 3019 4612 Ecclesia

635 4645 867 4725 probat
900 4646 1021 4710 sibi
1057 4646 1368 4711 divinitus
1406 4646 1610 4714 fuisse
1645 4651 2058 4715 commissam
2095 4661 2506 4737 peccatorum
2545 4648 3023 4713 remissionem!
