3509 5267
533 551 615 613 98
838 553 939 614 De
978 550 1275 614 clavium
1309 530 1664 614 Potestatis
1698 551 2069 614 Existentia
2102 552 2321 632 Atque
2357 548 2636 617 Natura.

536 735 671 799 nis:
714 734 1181 816 poenitentium
1222 733 1431 809 venia,
1473 733 1778 797 meritum
1819 733 2228 797 confitentis”
2281 733 2377 816 (n.
2423 736 2527 816 8),
2572 736 2611 800 i.
2656 757 2731 811 e.,
2773 738 2930 818 bap-

534 838 766 901 tismus
798 847 861 900 et
892 836 1287 918 poenitentia
1322 857 1514 900 suum
1546 836 1854 900 effectum
1889 838 2257 918 producunt
2291 859 2374 900 ex
2411 859 2604 921 opere
2640 850 2927 920 operato,

536 940 650 1004 sed
705 960 788 1002 ex
841 950 1024 1020 parte
1077 940 1465 1020 poenitentis
1515 940 1661 1020 plus
1718 939 2070 1020 requiritur
2121 941 2206 1003 ad
2263 941 2707 1005 remissionem
2763 943 2926 1006 obti-

534 1043 813 1105 nendam
854 1063 970 1123 per
1013 1042 1502 1116 absolutionem,
1548 1063 1744 1124 quam
1786 1063 1902 1124 per
1944 1043 2355 1125 baptismum.
2443 1044 2728 1108 Aliunde
2769 1046 2924 1126 bap-

535 1145 767 1208 tismus
814 1155 911 1208 est
954 1166 1077 1236 pro
1124 1145 1510 1220 infidelibus,
1557 1146 1991 1227 poenitentiae
2040 1155 2516 1211 sacramentum
2564 1158 2780 1212 autem
2829 1157 2928 1212 est

534 1269 654 1329 pro
691 1248 1058 1312 christianis
1097 1249 1313 1329 lapsis.
1396 1248 1679 1330 Ideoque
1716 1270 1848 1312 non
1889 1258 2059 1313 recte
2097 1251 2452 1331 arguebant
2491 1251 2840 1314 novatiani.

619 1367 1017 1431 “Videamus
1088 1368 1320 1431 deinde
1389 1368 1546 1450 quid
1618 1369 1796 1432 dicas
1877 1368 2463 1450 (Semproniane):
2581 1370 2674 1435 ‘Si
2746 1370 2925 1433 Deus

536 1471 790 1551 saepius
844 1470 1027 1551 jubet
1079 1471 1405 1534 hominem
1460 1473 1811 1553 poenitere,
1865 1473 2098 1553 inquis,
2152 1473 2411 1552 saepius
2461 1483 2728 1554 peccare
2780 1483 2925 1552 per-

534 1572 1039 1654 mittit’.-Quid
1086 1573 1227 1638 ais?
1315 1575 1493 1656 Ergo
1538 1575 1646 1656 qui
1697 1576 1954 1656 saepius
2003 1576 2360 1639 remedium
2407 1577 2695 1640 criminis
2743 1597 2926 1639 mon-

534 1685 716 1750 strat,
755 1675 1001 1738 crimen
1040 1676 1367 1740 ostendit?
1449 1677 1535 1740 Et
1575 1678 1863 1742 medicus
1905 1678 2009 1742 ille
2050 1700 2200 1743 cum
2238 1688 2443 1754 curat,
2484 1679 2742 1743 assidue
2783 1680 2925 1742 vul÷

533 1778 747 1841 nerari
790 1777 1021 1841 docet?
1102 1780 1282 1842 Deus
1324 1800 1442 1843 nec
1481 1801 1747 1861 peccare
1790 1783 1929 1845 vult
1970 1781 2298 1845 hominem
2342 1784 2557 1858 semel,
2601 1793 2664 1846 et
2706 1793 2923 1845 tamen

534 1880 761 1942 liberat
820 1901 859 1943 a
916 1891 1198 1961 peccato
1306 1882 1445 1946 Nec
1505 1883 1727 1964 utique
1789 1905 1935 1947 cum
1997 1885 2244 1960 liberat,
2305 1895 2642 1966 peccatum
2703 1885 2888 1948 docet
2907 1904 2923 1960 ;

534 1988 701 2052 sicut
743 2009 860 2052 nec
904 1988 1012 2068 qui
1060 1989 1140 2051 ab
1188 1987 1485 2051 incendio
1532 1988 1779 2062 liberat,
1825 1988 1891 2049 in
1938 2008 2098 2051 saxa
2145 1988 2487 2069 compellit.
2577 1988 2778 2051 Aliud
2825 1998 2923 2051 est

534 2091 614 2153 de
658 2090 945 2171 periculo
990 2091 1268 2167 liberari,
1313 2091 1491 2154 aliud
1536 2091 1621 2155 ad
1663 2090 2022 2171 periculum
2068 2091 2208 2171 cogi
2257 2141 2270 2154 .
2321 2141 2332 2154 .
2382 2141 2395 2154 .
2486 2091 2685 2173 Quod
2732 2092 2805 2166 si,
2851 2101 2924 2154 ut

532 2193 648 2266 ais,
690 2194 773 2256 ad
813 2204 1149 2274 peccatum
1189 2194 1461 2274 cogitur,
1504 2194 1607 2257 cui
1650 2193 2084 2275 poenitentiae
2126 2194 2444 2257 medicina
2488 2204 2922 2269 monstratur;

531 2295 686 2375 quid
729 2297 991 2359 tandem
1039 2297 1334 2360 facturus
1374 2307 1492 2371 est,
1534 2297 1636 2360 cui
1681 2297 2077 2378 poenitentia
2119 2297 2259 2377 ipsa
2300 2297 2775 2378 praecluditur;
2819 2297 2921 2360 cui

532 2397 873 2479 desperato
920 2399 1206 2463 remedio
1252 2410 1463 2463 totum
1512 2400 1746 2463 vulnus
1795 2400 2086 2480 operitur
2105 2421 2120 2475 ;
2167 2400 2270 2463 cui
2320 2421 2404 2462 ex
2451 2400 2702 2480 integro
2750 2400 2922 2462 vitae

530 2500 745 2565 aditus
790 2501 1245 2583 denegatur?”·
1283 2501 1381 2582 (n.
1430 2501 1532 2582 9).

618 2607 683 2672 S.
736 2608 1075 2683 Pacianus,
1123 2610 1384 2690 quando
1431 2609 1725 2690 pervenit
1773 2609 1858 2672 ad
1905 2610 2232 2690 exegesim
2279 2611 2646 2686 verborum,
2697 2609 2921 2691 “Quo-

531 2731 677 2773 rum
730 2711 1050 2775 solveritis
1098 2761 1111 2775 .
1160 2762 1173 2775 .
1223 2762 1237 2775 .
1285 2712 1321 2738 ’⁹
1374 2713 1531 2775 haec
1584 2713 1842 2793 scripsit
1893 2713 2314 2777 memoranda
2365 2714 2596 2776 verba:
2697 2713 2920 2794 “Quo-

530 2833 677 2876 rum
730 2813 1113 2889 solveritis”‚
1167 2814 1409 2895 inquit;
1462 2815 1726 2878 omnino
1780 2815 1940 2877 nihil
1993 2816 2252 2896 excipit.
2351 2815 2918 2897 “Quaecumque’',

529 2915 770 2996 inquit:
817 2916 959 2978 “vel
1002 2937 1256 2998 magna,
1298 2919 1400 2980 vel
1444 2918 1738 2982 modica'’
1794 2918 1892 2998 (n.
1941 2918 2083 2998 12).

614 3035 782 3098 Mihi
830 3035 1123 3117 displicet
1167 3058 1297 3100 non
1340 3058 1532 3118 posse
1578 3048 1784 3120 totam
1829 3039 2004 3102 illam
2050 3039 2390 3120 epistolam
2439 3040 2542 3101 III
2593 3039 2918 3104 sanctissi-

525 3138 614 3200 mi
662 3138 987 3202 Praesulis
1033 3140 1415 3204 exscribere.
1505 3140 1635 3204 Sed
1676 3142 2008 3223 praedicta
2052 3142 2389 3216 sufficiant,
2431 3152 2566 3205 tam
2610 3143 2694 3206 ad
2738 3163 2918 3206 ever-

526 3241 757 3304 tendos
806 3241 1140 3322 rigoristas
1188 3243 1331 3306 illos
1379 3254 1827 3324 exaggeratOS,
1874 3266 2069 3327 quam
2119 3245 2202 3308 ad
2250 3246 2630 3308 catholicam
2681 3245 2917 3309 doctri-

525 3363 677 3406 nam
718 3344 922 3407 solide
961 3346 1360 3425 probandam
1404 3357 1469 3411 et
1507 3347 2038 3410 confirmandam.

608 3467 685 3548 4)
740 3468 811 3532 S.
857 3469 1249 3532 Ambrosius
1297 3466 1425 3530 fuit
1470 3467 1633 3530 alter
1677 3489 1762 3530 ex
1808 3468 2131 3542 PatribuS,
2178 3467 2287 3547 qui
2333 3468 2610 3531 multum
2655 3468 2916 3531 adlabo-

527 3581 753 3634 rarunt
793 3571 860 3632 in
902 3570 1341 3652 impugnanda
1382 3570 1633 3633 haeresi
1673 3570 2041 3633 novatiana.
2130 3570 2196 3635 S.
2242 3561 2489 3633 Doctor
2530 3571 2772 3651 pariter
2817 3589 2914 3631 re-

524 3672 667 3753 jicit
711 3673 1209 3736 novatianorum
1255 3673 1733 3736 distinctionem
1778 3683 2189 3754 peccatorum
2237 3673 2304 3734 in
2348 3674 2575 3754 gravia
2619 3685 2684 3737 et
2729 3673 2915 3746 levia,

525 3775 592 3838 id
630 3785 748 3850 est,
787 3775 854 3837 in
895 3775 1360 3839 irremissibilia
1399 3786 1463 3839 et
1504 3775 1944 3839 remissibilia:
2030 3775 2204 3840 “Sed
2244 3776 2426 3839 aiunt
2477 3775 2904 3857 (Novatiani)

526 3898 595 3940 se
664 3877 951 3958 exceptis
1018 3879 1425 3958 gravioribus
1495 3877 1892 3953 criminibuS,
1965 3879 2260 3941 relaxare
2330 3878 2588 3942 veniam
2661 3877 2913 3942 leviori-

522 3980 643 4043 bus
690 4030 703 4043 .
752 4029 767 4043 .
815 4030 828 4044 .
921 3979 1051 4043 Sed
1097 3981 1276 4044 Deus
1321 3981 1800 4044 distinctionem
1845 4002 1975 4044 non
2026 3981 2203 4057 facit,
2247 3981 2358 4063 qui
2405 3981 2914 4045 misericordiam

523 4103 707 4146 suam
750 4082 1049 4164 promisit
1091 4084 1389 4147 omnibus
1433 4094 1497 4147 et
1540 4084 1875 4147 relaxandi
1922 4084 2243 4148 licentiam
2291 4084 2732 4148 sacerdotibus
2779 4083 2912 4147 suis

523 4184 661 4248 sine
706 4185 836 4248 ulla
881 4186 1259 4267 exceptione
1302 4187 1736 4251 concessit'’⁸².
1826 4186 2369 4250 “Evidentissime
2416 4186 2679 4250 Domini
2727 4205 2912 4268 prae-

522 4287 841 4351 dicatione
876 4289 1254 4352 mandatum
1289 4299 1387 4352 est
1421 4290 1617 4352 etiam
1650 4289 2015 4371 gravissimi
2053 4289 2342 4353 criminis
2380 4289 2526 4365 reiS,
2563 4289 2618 4353 si
2655 4310 2739 4352 ex
2772 4289 2910 4351 t'oto

519 4390 715 4452 corde
758 4400 822 4453 et
866 4391 1217 4454 manifesta
1260 4391 1672 4456 confessione
1717 4393 1961 4474 peccati
2005 4392 2469 4474 poenitentiam
2513 4401 2760 4473 gerant,
2809 4411 2910 4454 sa-

518 4492 830 4555 cramenti
877 4493 1169 4557 caelestis
1219 4493 1697 4558 refundendam
1744 4494 2143 4576 gratiam’'⁸².

601 4649 654 4686 81
677 4651 757 4705 M.
798 4651 862 4706 P.
900 4651 1099 4720 L.,·16,
1136 4653 1251 4706 469.

602 4717 833 4785 ⁸21bid,
873 4721 979 4775 c01.
1022 4722 1135 4775 501.
