3509 5267
1635 546 1900 611 Theses.
2685 513 2697 518 ’
2846 541 2969 606 137

661 833 1060 917 Dogmatum
1128 831 1593 898 catholicorum
1638 724 1898 896 'gig-Ia
1967 829 2286 896 confundi
2355 845 2489 895 non
2559 827 2750 894 debet
2817 845 2967 892 cum

576 937 953 1003 eorumdem
988 935 1441 1020 explicatione,
1477 954 1884 1017 quocumque
1919 933 2116 998 modo
2151 933 2310 997 haec
2348 930 2762 1013 intelligatur.

1618 1091 1911 1158 XXVII.

662 1215 1059 1299 Dogmatum
1104 1212 1571 1280 catholicorum
1617 1210 1958 1295 profectus
2004 1209 2227 1292 nequit
2273 1207 2583 1292 explicari
2631 1208 2716 1272 ad
2763 1205 2970 1270 instar

579 1316 889 1400 germinis
936 1315 1259 1398 biologici,
1310 1315 1425 1380 sed
1475 1313 1775 1398 proprias
1825 1313 2037 1388 habet,
2087 1322 2153 1377 et
2205 1310 2468 1394 quidem
2517 1309 2971 1375 tantummodo

580 1420 841 1502 logicas,
877 1417 1259 1502 proficiendi
1296 1418 1490 1500 leges.

1602 1523 1932 1588 XXVIII.

668 1645 1096 1714 Communem
1148 1655 1532 1729 conceptum
1587 1643 1710 1708 Dei
1764 1642 2058 1708 omnium
2110 1642 2322 1708 inesse
2375 1639 2720 1715 mentibus,
2773 1629 2972 1722 pagass

582 1767 815 1816 norum
852 1748 1094 1815 scilicet
1128 1758 1191 1812 et
1227 1747 1751 1822 christianorum,
1787 1766 1919 1810 non
1957 1745 2169 1810 solum
2210 1743 2586 1826 Scripturae
2623 1743 2737 1808 sed
2775 1741 2972 1805 etiam

586 1851 855 1918 Patrum
900 1851 1273 1916 testimonia
1316 1869 1435 1916 nec
1480 1869 1613 1914 non
1659 1848 2034 1932 nuperrima
2083 1839 2467 1930 religionum
2513 1843 2786 1910 historia
2831 1843 2974 1908 luce

583 1954 820 2018 clarius
864 1953 1235 2018 ostendunt.

1661 2049 1920 2116 XXIX.

670 2174 897 2242 Gratia
938 2184 1003 2239 et
1046 2183 1299 2248 natura,
1344 2172 1465 2240 etsi
1512 2173 1681 2236 inter
1724 2192 1794 2236 se
1838 2171 2199 2246 distinctae,
2243 2171 2326 2236 ab
2372 2169 2648 2236 invicem
2693 2169 2861 2233 inter
2907 2189 2976 2233 se

586 2295 717 2341 non
765 2285 1168 2360 separantur,
1218 2276 1333 2340 sed
1378 2273 1535 2358 quid
1584 2293 1808 2349 unum,
1857 2291 2090 2356 nempe
2135 2273 2466 2337 hominem
2517 2280 2976 2354 supernatura·

586 2381 733 2455 lem,
762 2377 1133 2444 efformant.

1664 2475 1887 2543 XXX.

673 2601 829 2664 Non
877 2600 946 2664 in
996 2620 1250 2682 quaque
1304 2599 1521 2664 forma
1570 2597 1977 2664 substantiali
2029 2617 2327 2679 nequam,
2376 2616 2497 2660 nec
2548 2595 2617 2658 in
2667 2595 2975 2676 qualitate

586 2703 869 2784 quadam
934 2701 1273 2777 morbida,·
1316 2721 1435 2766 nec
1501 2701 1764 2767 demum
1832 2692 1900 2764 in
1963 2710 2374 2782 transgressu
2440 2707 2977 2782 protoparentum

588 2805 775 2872 nobis
828 2805 1165 2886 imputato,
1218 2805 1334 2871 sed
1384 2803 1453 2870 in
1506 2803 1924 2869 destitutione
1975 2801 2223 2886 gratiae
2275 2800 2758 2876 sanctificantiS,
2811 2820 2977 2881 quae

588 2907 982 2972 habitualem
1035 2906 1404 2989 quamdam,
1458 2927 1501 2970 a
1553 2905 1681 2970 fine
1736 2903 2211 2988 supernaturali
2266 2902 2673 2969 aversionem
2729 2921 2978 2967 secum-

593 3009 743 3086 fert‚
790 3009 1161 3092 reponenda
1204 3020 1301 3074 est
1346 3008 1626 3073 essentia
1668 3007 1916 3092 peccati
1961 2991 2312 3088 originalis
2336 3002 2721 3069 transmissi.

1650 3164 1910 3229 XXXI.

674 3285 1083 3367 Theologice,
1135 3285 1439 3350 historice
1491 3295 1557 3349 et
1600 3285 1832 3350 'critice
1879 3284 2188 3366 inspecta,
2240 3282 2604 3347 ostenditur
2661 3280 2830 3346 falsa
2883 3279 2981 3344 di-

592 3388 851 3466 stinctio
901 3387 1010 3454 ina
1057 3388 1427 3472 nuperrime
1475 3387 1824 3452 adinventa
1874 3385 2042 3451 inter
2093 3384 2427 3450 Christum
2475 3403 2669 3468 quem
2717 3382 2980 3447 exhibet

591 3490 863 3557 historia
901 3501 967 3556 et
1008 3487 1342 3554 Christum
1380 3511 1573 3571 quem
1612 3488 1846 3572 accipit
1886 3487 2066 3554 fides.

1632 3643 1928 3710 XXXII.

676 3766 875 3849 Quod
938 3765 1237 3831 Christus
1298 3786 1419 3830 nos
1480 3765 1812 3830 redimerit
1865 3768 2006 3830 'non
2066 3774 2319 3830 tantum
2380 3764 2677 3830 doctrina
2737 3785 2857 3828 sua
2917 3773 2982 3827 et

531 3944 537 3947 ,
595 3869 933 3951 exemplis,
975 3869 1091 3935 sed
1136 3869 1498 3951 specialiter
1536 3869 1753 3932 'morte
1799 3888 1920 3934 sua
1961 3866 2296 3950 piaculari,
2340 3865 2646 3931 historice
2692 3875 2757 3930 et
2800 3866 2983 3929 theo·

596 3971 799 4052 logice
840 3981 1113 4037 constat.
1189 3993 1197 4000 ’·
2501 3974 2507 3978 '

950 4141 953 4144 ,
1620 4077 1953 4144 XXXIII.

683 4197 1033 4261 Doctrinae
1084 4197 1587 4278 protestanticae-
1636 4198 1717 4261 de
1773 4195 2120 4262 salutifero
2167 4213 2364 4280 opere
2419 4193 2664 4260 Christi
2715 4191 2987 4258 historia

598 4319 715 4364 nee
753 4298 1102 4364 traditione
1139 4319 1257 4364 nec
1297 4298 1546 4365 ratione
1586 4300 1915 4365 suadetur.

1626 4454 1953 4520 XXXIV.

686 4574 1000 4638 Doctrina
1050 4573 1133 4638 de
1188 4572 1637 4639 satisfactione
1690 4573 1941 4638 infinite
1993 4572 2546 4655 superabundanti
2597 4571 2870 4635 moralia
2923 4579 2988 4634 et

602 4674 962 4756 spiritualia
1001 4675 1271 4742 includit
1308 4676 1646 4752 elementa,
1685 4675 1983 4740 divi-num
2020 4689 2256 4756 nempe
2289 4689 2600 4749 annotetur,
2641 4672 2755 4755 qui
2791 4689 2987 4736 causa
