3509 5267
897 541 998 604 De
1037 539 1334 605 Cluvium
1367 538 1723 603 Potestatis
1757 538 2128 603 Existentia
2162 539 2380 620 Atqu-e
2416 540 2485 602 N
2488 547 2693 604 atum.
2924 541 3004 604 61

619 724 854 806 legitur
892 724 958 787 in
996 724 1144 789 Act.
1185 723 1439 806 Apost.,
1477 743 1617 804 cap.
1660 725 1720 798 8,
1757 745 1819 788 v.
1865 726 1962 787 19.
2042 723 2350 806 Jamvero
2395 723 2629 789 Petrus
2669 745 2801 789 non
2841 725 3010 789 dixit

618 827 972 909 quidquam
1025 827 1105 890 de
1160 824 1575 890 confessione
1627 835 1741 889 aut
1794 825 2197 891 absolutione
2256 825 2505 891 Simoni
2565 827 2803 909 Mago;
2856 848 3009 892 nam

621 928 848 993 Simon
898 929 1138 1010 Magus
1183 928 1390 1009 magis
1437 927 1767 1009 indigebat
1811 928 1934 991 Dei
1982 928 2216 993 timore
2262 940 2328 993 et
2374 930 2667 994 oratione
2712 931 2798 994 ad
2844 930 3009 994 obti-

616 1031 897 1094 nendam
938 1031 1214 1112 gratiam
1256 1031 1710 1113 poenitentiae.
1801 1029 1872 1094 Si
1918 1040 2135 1095 autem
2184 1030 2412 1095 Simon
2459 1031 2700 1113 Magus
2748 1031 3008 1097 fecisset

613 1133 789 1215 quod
837 1133 1072 1198 Petrus
1117 1133 1176 1197 ei
1222 1133 1606 1208 consiliavit,
1653 1132 2079 1215 proculdubio
2130 1134 2367 1197 Petrus
2417 1132 2750 1198 Simonem
2797 1134 3009 1199 absol·

613 1236 834 1300 visset.
913 1235 984 1300 Si
1017 1256 1175 1301 vero
1209 1255 1340 1299 non
1375 1234 1608 1317 legitur
1644 1234 1913 1299 Petrum
1950 1234 2304 1301 absolvisse
2343 1235 2675 1301 Simonem
2713 1236 3005 1316 Magum,

615 1360 700 1403 ex
748 1338 869 1402 hoc
922 1337 1100 1403 facto
1146 1357 1276 1401 non
1325 1338 1741 1402 deducendus
1789 1347 1888 1402 est
1935 1337 2234 1403 defectus
2282 1338 2621 1421 potestatis
2670 1338 2739 1402 in
2788 1337 3005 1413 Petr0,

616 1441 729 1505 sed
772 1441 1070 1506 defectus
1112 1440 1554 1523 dispositionis
1597 1441 1665 1503 in
1710 1439 1976 1505 Simone
2023 1441 2244 1522 Mago.
2330 1440 2431 1505 De
2471 1450 2791 1523 potestate
2831 1440 3005 1505 enim

617 1543 793 1606 Petri
837 1542 1149 1607 habemus
1191 1543 1632 1607 testimonium
1675 1563 2059 1625 expressum
2102 1544 2169 1606 in
2215 1542 2281 1607 S.
2327 1542 2720 1625 Evangelio;
2764 1544 2878 1607 sed
2923 1543 3004 1606 de

612 1645 1034 1727 dispositione
1068 1644 1354 1709 Simonis
1385 1646 1544 1708 nihil
1576 1646 1888 1710 habemus
1921 1646 1989 1709 in
2022 1667 2070 1709 s.
2109 1645 2465 1727 Scriptura,
2500 1645 2699 1711 immo
2732 1646 2785 1709 si
2818 1643 3005 1727 quid-

611 1768 807 1829 quam
845 1757 1099 1811 constat
1137 1769 1222 1810 ex
1261 1770 1311 1812 s.
1356 1746 1694 1830 Scriptura
1733 1750 1815 1812 de
1856 1747 2121 1812 Simone
2164 1748 2387 1830 Mago,
2425 1758 2525 1813 est
2565 1748 2721 1812 hoc:
2764 1748 2844 1813 de
2886 1768 3004 1813 sua

613 1850 1140 1932 indispositione;
1185 1871 1315 1931 quo
1363 1850 1429 1913 in
1475 1871 1630 1915 casu
1679 1851 1916 1915 Petrus
1962 1871 2189 1915 revera
2234 1850 2569 1916 absolvere
2613 1871 2746 1914 non
2791 1850 3003 1934 potuit

616 1951 946 2016 Simonem
983 1953 1274 2035 Magum.
1353 1954 1664 2017 Attamen
1699 1953 1934 2018 Petrus
1968 1953 2302 2019 absolvere
2336 1973 2468 2017 non
2500 1953 2713 2036 potuit
2745 1953 2814 2017 in
2846 1972 3002 2017 casu

611 2074 742 2117 non
796 2055 1044 2119 ratione
1096 2054 1394 2120 defectus
1445 2056 1805 2138 potestatis,
1860 2056 1975 2121 sed
2029 2056 2279 2119 ratione
2332 2055 2843 2139 indispositionis
2900 2054 3002 2120 Si-

611 2177 840 2221 monis,

694 2286 1195 2369 Argumentatio
1239 2286 1415 2351 Dris.
1463 2287 1597 2351 Lea
1640 2286 1767 2350 nisi
1812 2286 1879 2350 in
1928 2286 2105 2352 facto
2152 2285 2220 2351 S.
2266 2287 2539 2368 Joannis
2584 2285 2837 2369 illogica
2882 2294 3000 2351 est.

614 2388 1074 2454 Praesentatur
1132 2389 1198 2454 S.
1254 2390 1738 2471 JoanneS,-ait
1793 2389 1910 2454 Dr.
1970 2389 2405 2471 Lea,—longo
2458 2400 2750 2472 tempore
2803 2409 3001 2454 orans

609 2492 1037 2573 ardenterque
1080 2492 1457 2556 desiderans
1501 2492 1772 2556 latronis
1816 2492 1987 2556 illius
2042 2491 2159 2573 (de
2199 2512 2332 2574 quo
2376 2492 2718 2569 Eusebius,
2763 2492 2852 2556 H.
2898 2491 2999 2566 E„

611 2594 736 2669 III,
799 2593 914 2673 23)
983 2594 1562 2669 conversationem,
1621 2615 1770 2659 cum
1830 2594 2146 2677 potuisset
2209 2592 2276 2658 S.
2335 2595 2621 2676 Joannes
2682 2595 2999 2658 latronem

613 2695 891 2761 faciliter
926 2697 1278 2761 absolvere.
1360 2698 1445 2761 Et
1483 2718 1631 2761 cum
1670 2698 1793 2761 hoc
1833 2698 2106 2761 relatum
2146 2717 2278 2760 non
2318 2697 2704 2772 inveniatur,
2742 2697 2999 2762 conclu·

607 2799 719 2863 did
764 2801 880 2864 Dr.
925 2800 1093 2863 Lea:
1136 2819 1292 2881 ergo
1338 2798 1406 2863 S.
1448 2800 1734 2881 Joannes
1778 2799 1937 2862 nihil
1982 2798 2169 2863 scivit
2213 2799 2293 2862 de
2335 2809 2654 2881 potestate
2697 2798 2996 2863 clavium.

612 2901 968 2983 Numquid,
1021 2921 1282 2984 quaeso,
1336 2912 1624 2985 potestas
1676 2902 1957 2966 clavium
2013 2901 2281 2984 impedit
2336 2901 2683 2982 quominus
2736 2922 2997 2965 oremus

606 3023 727 3085 pro
773 3005 1193 3068 conversione
1241 3004 1520 3085 alicujus
1569 3004 1971 3087 peccatoris?
2063 3004 2338 3068 Minime
2387 3004 2677 3086 gentium
2696 3003 2997 3067 l--Prae-

607 3116 802 3182 terea,
857 3128 990 3171 non
1043 3108 1195 3190 quia
1248 3108 1400 3171 volo
1457 3117 1570 3171 aut
1626 3102 1925 3171 desider'o
1980 3106 2260 3189 aliquem
2317 3107 2672 3182 absolvere,
2727 3126 2995 3188 possum

607 3209 819 3290 ipsum
872 3210 1225 3284 absolvere,
1282 3211 1395 3274 sed
1449 3210 1608 3273 mihi
1662 3210 1846 3292 prius
1901 3210 2359 3291 inquirendum
2413 3220 2531 3286 est,
2586 3219 2809 3273 utrum
2865 3209 2995 3274 dis·

603 3313 854 3393 positus
893 3312 976 3376 sit
1012 3332 1231 3376 necne.
1317 3312 1386 3376 Si
1426 3313 1779 3394 dispositus
1818 3312 1920 3387 sit,
1959 3333 2108 3376 eum
2146 3313 2480 3376 absolvere
2518 3323 2763 3387 teneor,
2800 3312 2995 3376 velim

605 3416 842 3490 nolim;
889 3415 941 3478 si
988 3424 1206 3479 autem
1255 3415 1676 3497 indispositus
1723 3416 1830 3489 sit,
1875 3436 2023 3479 eum
2070 3415 2404 3479 absolvere
2451 3434 2721 3496 nequeo,
2769 3435 2994 3496 quam-

603 3518 702 3582 vis
741 3518 1339 3599 velim—Insuper,
1386 3517 1452 3582 S.
1493 3518 1779 3599 Joannes
1820 3517 2535 3614 aliquibus‘permansit
2577 3517 2803 3582 diebus
2844 3538 2994 3581 cum

605 3619 854 3685 latrone
906 3620 1036 3695 illo,
1086 3630 1236 3703 post
1287 3619 1487 3700 hujus
1536 3620 2021 3701 poenitentiam,
2075 3640 2280 3701 usque
2331 3621 2488 3683 dum
2540 3620 2754 3701 ipsum
2805 3622 2992 3701 plene

602 3740 750 3785 cum
806 3722 1095 3786 Ecclesia
1151 3722 1606 3787 reconciliavit.
1705 3722 1873 3787 Cum
1927 3732 2145 3786 autern
2202 3723 2369 3785 inter
2425 3722 2788 3787 ordinarias
2841 3740 2993 3785 con-

602 3824 879 3888 ditiones
941 3824 1479 3890 reconciliationis
1539 3826 1907 3889 inveniatur
1964 3825 2306 3899 absolutio,
2365 3824 2799 3888 necessarium
2860 3845 2992 3888 non

606 3924 754 4001 fuit,
787 3937 858 3990 ut
891 3927 1394 4010 historiographi
1429 3929 1800 4011 explicitam
1834 3928 2227 3991 mentionem
2264 3928 2343 3991 de
2377 3927 2779 3991 absolutione
2818 3928 2991 3991 face-

605 4039 765 4103 rent,
811 4030 985 4103 sicut,
1021 4050 1138 4094 nec
1183 4030 1576 4094 mentionem
1625 4031 1876 4094 faciunt
1921 4031 2001 4094 de
2046 4030 2385 4095 collatione
2437 4029 2629 4094 Smae
2677 4030 2991 4093 Euchari-

601 4130 798 4205 stiae:
844 4132 997 4212 quia
1043 4132 1300 4196 nonnisi
1349 4133 1766 4197 intendebant
1814 4133 2155 4214 specialem
2201 4153 2426 4196 curam
2475 4132 2745 4208 referre,
2792 4152 2988 4213 quam

603 4229 669 4295 S.
701 4233 986 4314 Joannes
1017 4235 1368 4315 assumpsit
1397 4255 1518 4317 pro
1551 4234 1973 4299 conversione
2006 4234 2178 4299 illius
2210 4233 2502 4299 latronis.
2579 4234 2723 4299 cfr.
2761 4235 2818 4299 C
2816 4255 2988 4317 asey,

600 4332 913 4412 “Notes”,
963 4335 1070 4400 ubi
1119 4337 1359 4419 optime
1408 4336 1656 4402 refutat
1704 4338 2057 4402 Doctorem
2106 4337 2258 4401 Lea.

686 4464 867 4526 Idem
911 4463 1138 4547 Gany,
1178 4465 1283 4539 ib„
1322 4485 1466 4547 pag.
1513 4470 1569 4540 ¹7,
1610 4465 1809 4529 affert
1848 4464 2348 4541 confessionem,
2389 4464 2575 4530 nobis
2615 4456 2987 4546 pretiosam,

599 4562 674 4627 F.
707 4566 789 4627 M
789 4566 967 4641 eaor,
1000 4566 1082 4631 D.
1117 4567 1220 4641 D.,
1254 4588 1446 4648 quem
1480 4578 1668 4632 vocat
1701 4586 1836 4630 non
1869 4568 2083 4633 minus
2116 4567 2417 4631 hostilem
2451 4566 2802 4632 catholicae
2837 4567 2988 4630 doc-

600 4665 807 4731 trinae
871 4688 1066 4749 quam
1134 4669 1251 4733 Dr.
1317 4670 1485 4733 Lea:
1594 4669 1669 4732 “I
1736 4678 1975 4733 cannot
2040 4669 2509 4753 pretend,—ait
2576 4667 2989 4742 Mellor,—to
