3509 5267
866 525 968 589 De
1008 525 1307 589 Cluvium
1339 525 1693 589 Potestatis
1730 524 2102 588 Existentia
2134 526 2352 606 Atque
2387 527 2458 590 Ν
2459 535 2665 591 atura.
2837 529 2969 591 ⁴123

662 709 745 773 N.
786 708 1179 790 ‚B.—Citare
1222 708 1399 772 volui
1455 709 1515 773 V
1516 729 1613 774 en.
1659 709 1701 772 J
1704 760 1718 772 .
1766 709 1850 773 D.
1896 708 2171 773 Scotum
2216 729 2372 791 prae
2419 711 2651 775 ceteris
2701 709 2966 775 Schola-

575 811 773 886 sticis,
809 821 881 876 ut
916 811 1215 876 videatur
1253 821 1424 876 recte
1459 831 1545 876 no
1584 832 1776 892 agere
1814 812 2159 876 nonnullos
2195 812 2552 893 theologos,
2592 813 2701 894 qui
2740 813 2968 877 viden·

576 923 684 976 tur
754 913 919 977 Ven.
991 914 1239 977 Drem.·
1283 933 1647 995 proponere
1715 907 2050 994 tamquam
2121 914 2489 989 adversum,
2561 915 2968 997 aliquatenus

575 1015 823 1090 saltem,
888 1016 1241 1080 catholicae
1306 1017 1563 1081 veritati
1631 1017 1711 1080 de
1778 1016 2212 1081 confessionis
2279 1017 2678 1082 necessitate.
2754 1018 2965 1099 Quod

574 1118 839 1182 omnino
872 1119 1115 1199 injuste
1146 1119 1497 1201 peragitur.
1577 1119 1895 1200 Quaestio
1927 1120 2100 1182 enim
2133 1141 2172 1183 a
2205 1120 2370 1184 Ven.
2409 1119 2606 1184 Scoto
2637 1121 2968 1202 exagitata

572 1230 673 1284 est
703 1221 969 1284 omnino
1004 1221 1279 1286 diversa.
1356 1222 1616 1285 Etenim
1650 1242 1782 1286 non
1816 1222 1949 1303 agit
1983 1223 2064 1286 de
2098 1223 2477 1286 necessitate
2511 1222 2965 1297 confessioniS,

574 1323 688 1387 sed
726 1323 807 1386 de
843 1324 1223 1404 probatione
1260 1324 1682 1389 necessitatis,

660 1432 919 1497 Statuta
954 1434 1227 1498 veritate
1264 1444 1488 1498 nostra
1526 1436 1721 1498 modo
1758 1455 1958 1515 supra
1997 1435 2199 1498 relato
2237 1456 2321 1499 ex
2360 1436 2502 1517 ipso
2540 1436 2704 1499 Ven.
2748 1435 2964 1510 Scot0,

574 1537 690 1600 Dr.
725 1536 1066 1601 Marianus
1097 1537 1461 1618 investigat,
1492 1539 1559 1600 in
1590 1538 1695 1601 lib.
1732 1538 1834 1601 IV
1866 1537 2066 1614 Sent.,
2097 1539 2243 1604 dist.
2280 1543 2378 1615 17,
2410 1560 2471 1620 q.
2501 1540 2712 1614 unica,
2743 1550 2964 1604 utrum

573 1639 1008 1720 confessionis
1076 1640 1563 1705 sacramentalis
1634 1650 2052 1722 praeceptum
2127 1643 2535 1707 contineatur
2604 1644 2671 1705 in
2743 1653 2966 1708 sancto

577 1741 933 1823 Evangelio
984 1742 1387 1824 “explicite'’,
1437 1765 1573 1818 seu,
1623 1754 1844 1808 utrum
1893 1743 2215 1809 Dominus
2265 1745 2674 1809 “immediate
2726 1755 2788 1809 et
2837 1745 2968 1810 evi-

576 1845 843 1908 dentef’
896 1846 1310 1927 proposuerit
1363 1846 1743 1927 hujusmodi
1801 1857 2217 1929 praeceptum
2272 1848 2758 1913 sacramentalis
2816 1867 2969 1911 con-

580 1947 904 2023 fessionis,
948 1948 1038 2012 ita
1080 1959 1152 2012 ut
1194 1970 1280 2012 ex
1319 1951 1477 2014 solis
1520 1950 1735 2014 verbis
1783 1949 1848 2014 S.
1898 1949 2293 2033 Scripturae,
2337 1951 2476 2015 sine
2525 1953 2655 2015 ullo
2697 1972 2968 2015 recursu

575 2051 658 2113 ad
698 2051 1162 2128 Traditionem,
1195 2053 1457 2134 probari
1494 2053 1701 2134 possit
1736 2052 2115 2133 hujusmodi
2151 2064 2587 2135 praeceptum.
2671 2054 2780 2120 Sic
2815 2074 2966 2134 pro-

574 2153 823 2240 positae
862 2150 1239 2235 ‘quaestioni
1292 2157 1639 2237 respondet
1693 2156 1859 2219 Ven.
1920 2156 2152 2220 Scotus
2207 2157 2522 2238 negative.
2622 2157 2966 2238 Explicite,

574 2255 943 2320 immediate
995 2267 1058 2320 et
1111 2258 1443 2322 evidenter
1494 2259 1688 2322 “data
1736 2269 1837 2323 est
1885 2269 2173 2342 potestas
2224 2259 2580 2341 ApostoliS,
2634 2270 2698 2323 et
2750 2259 2818 2322 in
2871 2260 2964 2324 eis

575 2359 873 2422 omnibus
922 2361 1382 2436 sacerdotibuS,
1433 2361 1800 2425 remittendi
1846 2361 2168 2443 peccata''.
2263 2361 2394 2426 Sed
2442 2363 2613 2425 idem
2661 2360 2787 2425 dici
2835 2382 2967 2424 non

575 2471 788 2540 potest
848 2463 931 2525 de
989 2463 1211 2528 divino
1269 2474 1613 2545 praecepto
1674 2463 2128 2540 confessionis,
2191 2465 2366 2545 quod
2428 2464 2804 2546 impositum
2866 2473 2964 2528 est

572 2562 882 2628 indirecte
928 2573 1215 2628 tantum:
1263 2586 1414 2628 nam
1460 2565 1659 2629 “nulli
1708 2566 2136 2630 committitur
2178 2576 2482 2647 potestas.
2513 2566 2857 2646 judiciaria
2903 2576 2966 2629 et

575 2667 919 2731 arbitraria
982 2667 1213 2749 (quam
1262 2689 1371 2743 sc.,
1421 2678 1680 2732 exercet
1729 2668 1962 2749 aliquis
2011 2689 2128 2750 per
2177 2669 2445 2733 modum
2495 2668 2788 2749 arbitri),
2841 2668 2966 2732 nisi

574 2769 767 2833 alicui
822 2770 1193 2850 imponatur
1245 2771 1593 2835 necessitas
1648 2770 2066 2834 submittendi
2122 2792 2190 2835 se
2247 2771 2404 2847 sibi;
2459 2772 2572 2835 sed
2632 2771 2966 2835 Sacerdoti

575 2892 691 2954 per
742 2882 806 2935 te
857 2873 1284 2936 committitur
1335 2873 1713 2953 hujusmodi
1767 2883 2055 2956 potestas
2110 2874 2178 2937 in
2228 2895 2425 2938 causa
2475 2873 2756 2956 peccati;
2811 2893 2966 2953 ergo

574 2975 766 3039 alicui
810 2986 882 3039 ut
925 2995 1035 3040 reo
1078 2975 1432 3057 imponitur
1473 2977 1822 3040 necessitas
1867 2976 2282 3040 submittendi
2331 2997 2398 3040 se
2443 2976 2711 3040 arbitrio
2757 2975 2967 3056 ejus'’,

576 3097 761 3142 secus
814 3078 1281 3142 confessiarius
1336 3099 1563 3142 revera
1616 3079 1902 3142 “nullam
1955 3079 2407 3141 auctoritatem
2463 3077 2796 3157 judicandi
2853 3077 2966 3139 ha-

574 3179 773 3254 beret,
816 3180 871 3244 si
911 3180 1033 3245 iste
1082 3180 1303 3262 (reus)
1354 3191 1574 3262 posset
1612 3180 1912 3262 judicari,
1956 3181 2010 3244 si
2049 3181 2346 3254 voluerit,
2389 3191 2453 3244 et
2492 3200 2625 3243 non
2666 3179 2965 3260 judicari,

578 3282 631 3346 si
668 3282 1007 3346 noluerit'’.
1090 3283 1459 3348 Necessitas
1496 3285 1666 3347 clare
1702 3293 1881 3366 patet
1918 3304 2002 3346 ex
2039 3282 2438 3346 Traditione.

660 3394 825 3458 Ven.
868 3415 1023 3476 ergo
1068 3395 1301 3460 Scotus
1343 3405 1518 3458 tenet
1558 3404 1974 3476 praeceptum
2019 3391 2312 3458 divinum
2353 3394 2706 3476 positivum
2750 3403 2814 3461 et
2857 3413 2968 3456 ne-

572 3497 939 3561 cessitatem
974 3497 1407 3561 confessionis
1439 3498 1701 3578 probari
1737 3519 1822 3561 ex
1860 3496 1925 3562 S.
1965 3497 2302 3579 Scriptura
2335 3497 2530 3560 simul
2563 3516 2724 3558 cum·
2747 3494 2969 3558 divina

578 3599 975 3663 Traditione.
1061 3600 1337 3681 Propter
1378 3601 1502 3663 hoc
1540 3600 1777 3662 acriter
1819 3600 2313 3681 reprehenditur
2356 3599 2520 3663 Ven.
2553 3599 2682 3661 Dr.
2725 3618 2764 3660 a
2806 3617 2969 3661 non-

576 3700 770 3766 nullis
810 3702 1148 3783 theologiS‚
1188 3725 1250 3777 v,
1292 3723 1374 3783 g.‚
1415 3703 1496 3766 ab
1536 3702 1721 3766 Estio
1763 3713 1827 3765 et
1865 3723 1905 3765 a
1944 3702 2174 3766 Pesch.

661 3811 968 3875 Estius¹⁵⁸
1035 3810 1467 3875 calumniatur
1538 3809 1804 3874 Scotum
1876 3796 2130 3872 dicens:
2245 3809 2523 3873 “Scotus
2592 3828 2750 3872 vero
2819 3827 2968 3870 cum

578 3913 851 3977 dixisset
902 3923 1377 3978 sacramentum
1425 3912 1859 3996 poenitentiae
1917 3912 2122 3976 fuisse
2172 3911 2542 3975 institutum
2591 3931 2629 3974 a
2686 3909 2966 3983 Christo,

577 4035 709 4078 non
764 4026 1094 4096 tamquam
1145 4016 1609 4090 necessarium,
1670 4015 1785 4078 sed
1842 4023 2173 4094 tamquam
2232 4013 2406 4087 utile,
2467 4022 2692 4093 postea
2751 4010 2967 4073 subdit

578 4118 751 4198 quod
800 4118 910 4199 qui
956 4127 1205 4181 teneret
1250 4118 1732 4181 confessionem
1780 4116 1990 4180 solum
2036 4136 2180 4178 esse
2225 4115 2306 4177 de
2352 4123 2698 4196 praecepto
2746 4112 2968 4174 Eccle-

579 4219 731 4296 siae,
772 4241 903 4283 non
943 4230 1162 4302 posset
1207 4219 1486 4284 faciliter
1524 4217 1914 4302 impugnari,
1955 4216 2102 4281 licet
2143 4214 2587 4280 rationabilius
2628 4213 2713 4277 sit
2755 4214 2968 4278 dicere

574 4323 753 4403 ⁴quod
796 4322 880 4387 sit
927 4324 1006 4386 de
1051 4323 1199 4403 jure
1242 4321 1524 4386 divino’'.
1571 4320 1575 4323 ’
1617 4321 1852 4386 Scotus
1897 4340 2029 4383 non
2073 4318 2229 4383 dicit
2272 4315 2706 4400 poenitentiae
2754 4334 2967 4378 sacra-

578 4421 868 4488 mentum
902 4424 1269 4489 institutum
1304 4444 1446 4488 esse
1482 4433 1813 4504 tamquam
1849 4421 2027 4496 utile,
2065 4420 2177 4484 sed
2215 4438 2520 4501 expresse
2557 4417 2712 4480 dicit
2748 4437 2966 4479 neces-

576 4525 823 4589 sarium
858 4546 1000 4590 esse
1036 4527 1122 4590 ad
1159 4526 1452 4590 salutem.
1534 4524 1928 4588 Audivimus
1973 4521 2240 4586 Scotum
2279 4517 2967 4603 ipsum—Praeterea,

662 4699 747 4738 158
768 4700 920 4758 gent,
966 4702 1067 4766 1V,
1112 4699 1239 4756 dist.
1287 4696 1446 4765 17,'§
1491 4701 1539 4755 7.
