3509 5267
526 524 611 588 78
833 522 935 586 De
973 521 1271 586 Cluvium
1304 520 1659 584 Potestatis
1695 518 2066 583 Existentia
2099 519 2317 598 Atque
2353 518 2632 582 Natura.

534 707 718 789 ponit
759 705 826 768 in
868 725 1023 769 sess.
1067 703 1324 778 XXIV,
1368 723 1507 785 cap.
1554 703 1643 778 II,
1688 711 1911 767 sancta
1955 701 2339 765 Tridentina
2386 701 2710 784 SynoduS,
2754 722 2927 766 eam-

536 810 810 890 demque
858 806 1068 872 munit
1112 827 1360 870 canone
1410 807 1567 870 hoc:
1660 804 1776 869 “Si
1827 805 1973 886 quis
2025 805 2444 870 Sacramenta
2493 805 2931 881 confundenS,

535 912 749 993 ipsum
792 909 1199 992 Baptismum
1243 908 1688 972 Poenitentiae
1733 918 2210 972 sacramentum
2252 928 2393 972 esse
2434 908 2698 983 dixerit,
2741 908 2925 990 quasi

535 1015 693 1078 haec
726 1014 857 1078 duo
895 1013 1313 1078 Sacramenta
1349 1011 1652 1076 distincta
1687 1032 1818 1076 non
1855 1012 2004 1086 sint,
2038 1021 2232 1093 atque
2267 1011 2415 1076 ideo
2453 1011 2928 1075 Poenitentiam

532 1137 665 1181 non
702 1125 872 1180 recte
908 1116 1257 1180 secundam
1289 1126 1437 1197 post
1472 1114 1895 1196 naufragium
1929 1114 2214 1178 tabulam
2252 1113 2582 1196 appellari,
2618 1114 2701 1179 A.
2741 1113 2926 1178 S.”⁸⁹.

623 1219 885 1283 Nostris
935 1218 1131 1282 etiam
1181 1217 1427 1292 diebuS,
1476 1217 1795 1281 Sanctum
1849 1216 2165 1294 Officium,
2215 1237 2332 1299 per
2384 1218 2554 1280 decr.
2610 1217 2928 1279 “Lamen-

534 1321 777 1396 tabili”,
836 1322 1131 1385 eamdem
1191 1321 1552 1385 doctrinam
1616 1320 1836 1384 docuit
1897 1319 2428 1384 modernisticum
2490 1328 2928 1383 commentum

536 1425 887 1488 damnans:
966 1424 1187 1508 “Usus
1222 1423 1605 1488 conferendi
1643 1423 2036 1505 baptismum
2072 1422 2436 1487 infantibus
2475 1422 2758 1487 evolutio
2801 1421 2930 1485 fuit

536 1527 989 1609 disciplinaris,
1029 1547 1194 1608 quae
1236 1547 1366 1590 una
1408 1548 1491 1590 ex
1530 1526 1743 1591 causis
1785 1527 2054 1601 exstitit,
2095 1537 2167 1589 ut
2211 1535 2687 1590 sacramentum
2731 1525 2931 1588 resol-

534 1641 795 1694 veretur
832 1630 897 1692 in
934 1631 1086 1704 duo,
1124 1630 1191 1692 in
1229 1630 1657 1710 Baptismum,
1694 1651 1805 1704 sc„
1843 1640 1907 1693 et
1946 1628 2495 1693 Poenitentiamffl.
2582 1629 2735 1692 Non
2770 1648 2930 1690 usus

536 1753 713 1814 ergo,
768 1733 883 1796 sed
936 1753 1246 1815 expressa
1301 1733 1543 1796 Christi
1595 1732 1919 1806 voluntaS,
1975 1752 2280 1812 expresse
2335 1730 2774 1806 manifestata,
2831 1738 2930 1792 est

536 1856 731 1900 causa
768 1836 1199 1899 distinctionis
1236 1835 1629 1916 baptismum
1667 1835 1833 1898 inter
1871 1846 1935 1899 et
1971 1835 2453 1917 poenitentiam.

624 1940 707 2002 N.
764 1938 1241 2003 B.—-Nonnulli
1293 1939 1575 2003 citantur
1627 1939 1877 2022 Patres,
1927 1949 2000 2002 ut
2052 1938 2332 2020 Cyrillus
2384 1949 2448 2002 et
2499 1937 2930 2020 Augustinu83

535 2050 867 2122 tamquam
908 2042 1335 2122 intelligentes
1378 2042 1595 2117 verba,
1638 2042 1958 2123 “quorum
2002 2041 2378 2106 remiseritis
2425 2091 2440 2105 .
2488 2091 2502 2105 .
2551 2041 2609 2104 .”
2653 2037 2732 2105 de
2775 2041 2932 2123 bap-

539 2143 751 2208 tismo,
867 2144 1017 2218 Sed,
1087 2155 1159 2208 ut
1227 2155 1497 2227 apparet
1565 2166 1649 2208 ex
1716 2154 2048 2220 contextu,
2117 2145 2420 2209 videntur
2490 2143 2664 2225 loqui
2720 2163 2932 2214 ,sensu

540 2248 1576 2324 accommodatitio.—Praeterea,
1620 2268 1752 2311 non
1795 2247 2149 2312 excludunt
2191 2248 2574 2312 catholicam
2619 2245 2933 2328 interpre-

538 2349 869 2414 tationem.
1528 2345 1534 2348 ’

1363 2453 1894 2518 ARTICULUS
1985 2454 2103 2518 IV.

615 2572 887 2628 Claviurn
926 2580 1199 2638 potestas
1237 2582 1331 2629 est
1370 2582 1643 2640 potestas
1681 2590 1823 2630 vere
1863 2574 2178 2638 remissiva
2215 2555 2462 2640 peceati,
2499 2589 2625 2628 non
2661 2579 2864 2628 autem

1407 2652 1774 2709 declarativa
1813 2661 2068 2708 tantum.
2477 2651 2479 2654 ⁴

625 2771 912 2852 Rejectis
954 2771 1433 2852 protestanticis
1477 2773 1730 2854 placitis
1773 2773 2053 2837 clavium
2096 2782 2483 2854 potestatem
2525 2771 2937 2836 confunden-

540 2874 712 2938 tibus
748 2895 897 2937 cum
931 2875 1358 2956 potestatibus
1393 2874 1810 2955 praedicandi
1851 2885 1914 2938 et
1950 2874 2340 2957 baptizandi,
2378 2874 2514 2955 jam
2551 2873 2635 2937 ad
2671 2873 2937 2937 charac-

512 2986 745 3040 ¹terem
782 2997 932 3041 vere
970 2976 1379 3041 remissivum
1415 2977 1695 3041 clavium
1732 2977 2170 3041 accedendum
2207 2987 2324 3041 est.

628 3079 812 3143 Haec
859 3079 1173 3144 catholica
1222 3080 1516 3144 doctrina
1564 3080 1800 3145 clarior
1848 3080 2202 3163 apparebit,
2253 3080 2536 3143 examini
2589 3079 2934 3160 subjectis:

543 3180 619 3261 a)
674 3202 894 3245 errore
939 3182 1340 3262 Judaeorum
1386 3193 1450 3246 et
1500 3184 1890 3260 Novatiani;
1937 3184 2013 3264 b)
2071 3183 2374 3264 opinione
2421 3182 2730 3246 Richardi
2778 3204 2819 3246 a
2867 3181 2934 3246 S.

544 3283 846 3360 Victore;
876 3284 948 3364 c)
989 3285 1292 3366 opinione
1324 3287 1784 3351 nonnullorum
1823 3287 2392 3361 Scholasticorum,
2426 3296 2489 3350 et
2523 3286 2602 3367 d)
2647 3285 2938 3350 Pseudo-

547 3387 1055 3451 reformatorum
1092 3408 1330 3452 errore.

1034 3531 1069 3608 ἓ
1119 3533 1174 3594 1.
1260 3530 1469 3593 Error
1502 3529 1905 3592 Judaeorum
1941 3536 2003 3590 et
2036 3526 2107 3589 N
2110 3526 2414 3590 ovatiani.

628 3649 864 3713 Iudaei
903 3659 990 3724 et,
1038 3649 1229 3729 juxta
1275 3649 1493 3730 plures
1544 3647 1851 3722 Patres⁴¹,
1897 3647 1968 3709 N
1972 3647 2312 3710 ovatianus
2359 3655 2776 3710 asseruerunt
2822 3643 2938 3705 ho—

545 3737 809 3815 minem'
830 3751 1095 3815 minime
1136 3771 1326 3833 posse
1372 3761 1635 3832 peccata
1678 3749 2023 3825 dimittere,
2069 3750 2182 3814 sed
2225 3749 2678 3812 tantummodo
2725 3747 2938 3809 Deum

546 3875 755 3935 posse.

630 3957 815 4021 Haec
860 3957 1133 4021 assertio
1178 3956 1520 4038 dupliciter
1567 3955 1787 4039 repelli
1832 3966 2079 4038 potest:
2125 3966 2238 4018 aut
2286 3953 2584 4036 neg-ando
2627 3953 2941 4026 absolute,

547 4071 660 4123 aut
699 4059 1173 4140 distinguendo
2789 4060 2793 4064 ’

631 4162 707 4242 a)
758 4163 1074 4226 Absolute
1119 4164 1413 4243 negando
1459 4161 1835 4243 responderi
1879 4170 2111 4242 potest,
2156 4158 2308 4242 quia
2353 4157 2675 4222 Dominus
2720 4166 2942 4220 noster

546 4265 738 4346 Jesus
803 4265 1101 4329 Christus
1164 4265 1330 4329 hanc
1392 4275 1778 4347 potestatem
1843 4263 2212 4327 hominibus
2277 4262 2488 4325 dedit:
2597 4259 2940 4342 “Quorum

552 4367 927 4432 remiseritis
980 4378 1261 4449 peccata,
1313 4369 1735 4432 remittuntur
1789 4367 1882 4431 eis
1918 4412 1943 4431 ψ.
1991 4416 2005 4430 .
2053 4365 2111 4429 .”
2209 4366 2506 4446 Negatur
2557 4384 2713 4444 ergo
2766 4363 2941 4444 quod

550 4469 846 4534 homines
900 4490 1031 4533 non
1085 4470 1363 4549 habeant
1420 4465 1800 4552 hujusmodi
1855 4478 2260 4552 potestatem.
2362 4467 2519 4531 Ideo
2574 4466 2646 4530 S.
2702 4467 2944 4529 Petrus

630 4623 687 4662 39
707 4623 880 4689 Trid„
914 4642 1045 4678 sess
1076 4625 1158 4689 24,
1189 4621 1309 4679 can.
1340 4603 1387 4679 2ss
1833 4622 1888 4660 41
1907 4622 2056 4678 Vide
2097 4639 2264 4686 supra
2305 4637 2422 4686 cap.
2461 4622 2508 4685 2,
2549 4628 2652 4674 art.
2693 4620 2740 4674 2.

632 4689 689 4729 4⁰
709 4692 874 4747 Decr.
922 4691 1373 4759 “Lamentabili”,
1417 4691 1804 4759 propositione
1847 4693 1930 4746 45.
