3509 5267
958 532 1058 595 De
1098 532 1153 595 C
1154 532 1395 595 lavium
1428 532 1783 596 Potestatis
1819 531 2189 595 Existentia
2223 532 2439 612 Atque
2476 532 2546 595 N
2547 542 2753 597 atum.
2970 533 3051 597 41

663 715 938 779 ciscana.
1021 714 1460 779 Franciscales
1498 714 1588 777 illi
1625 716 1940 796 putabant
1976 715 2443 781 declarationes
2482 716 2740 797 regulae
2781 715 3054 780 francis-

664 840 863 883 canae
918 840 958 883 a
1017 818 1136 883 SS.
1198 818 1621 883 Pontificibus
1677 818 1951 900 Joannis
2008 818 2214 881 XXII
2272 820 2786 885 antecessoribus
2850 820 3055 885 fuisse

665 924 1133 987 declarationes
1205 922 1624 1003 dogmaticas,
1698 923 1973 1005 ideoque
2046 922 2577 997 irreformabiles,
2654 922 2779 987 nisi
2854 923 3054 989 clavis

665 1026 968 1091 scientiae
1002 1027 1341 1091 sententia.
1423 1026 1599 1091 Hinc
1633 1027 1897 1109 quando
1933 1027 2112 1109 Papa
2148 1027 2435 1109 Joannes
2470 1027 2813 1092 nonnullas
2848 1028 3055 1091 voluit

665 1130 921 1195 illarum
961 1131 1470 1196 declarationum
1511 1131 2014 1196 reformationes
2057 1132 2294 1209 facere,
2335 1131 2393 1195 ei
2434 1131 2810 1196 restiterunt
2850 1131 3055 1195 Fran-

665 1235 902 1299 ciscani
958 1235 1084 1311 illi;
1135 1246 1201 1299 et
1252 1235 1539 1317 Joannes
1593 1234 1799 1298 XXII
1856 1247 2083 1300 contra
2137 1236 2313 1317 ipsos
2366 1236 2650 1301 declarat
2705 1246 2769 1299 et
2822 1236 3054 1318 probat

665 1338 922 1403 illorum
990 1339 1108 1405 SS.
1178 1338 1568 1404 Pontificum
1634 1340 2101 1404 declarationes
2166 1340 2564 1420 dogmaticas
2627 1360 2759 1404 non
2829 1339 3052 1413 fuisse,

666 1443 1260 1525 Franciscanosque
1302 1444 1447 1508 illos
1488 1465 1739 1508 errasse
1784 1444 1851 1507 in
1892 1444 2319 1526 applicatione
2362 1444 2533 1509 illius
2576 1444 2931 1508 sententiae
2974 1443 3054 1506 de

664 1548 843 1612 clave
888 1547 1210 1612 scientiae.
1300 1547 1494 1612 Hanc
1539 1548 1945 1623 sententiam,
1992 1559 2063 1612 ut
2106 1559 2283 1631 patet
2327 1569 2412 1611 ex
2455 1549 2629 1614 bulla
2674 1549 2802 1624 cit„
2847 1568 3053 1629 neque

667 1642 982 1734 approhat
1034 1673 1242 1734 neque
1295 1652 1507 1733 rejicit
1564 1652 1629 1718 S.
1686 1653 1760 1717 P.
1815 1654 2121 1734 Joannes,
2176 1654 2290 1717 sed
2342 1654 2795 1718 tantummodo
2848 1654 3057 1735 refert

665 1754 958 1819 diversos
1028 1755 1277 1829 modOS,
1348 1756 1540 1837 juxta
1610 1775 1795 1836 quOS,
1868 1756 2163 1819 eamdem
2234 1755 2618 1820 sententiam
2691 1754 3054 1837 intelligunt

664 1869 981 1934 auctores,
1022 1869 1086 1923 et
1123 1859 1280 1924 dicit
1320 1860 1789 1925 Franciscanos
1829 1860 1973 1925 illos
2014 1881 2265 1925 errasse
2307 1860 2374 1924 in
2414 1860 2842 1942 applicatione
2881 1860 3055 1924 illius

665 1964 1019 2027 sententiae
1052 1984 1456 2046 quocumque
1488 1966 1685 2028 modo
1717 1966 2093 2029 intellectae.

751 2069 916 2134 Cum
945 2070 1021 2133 cl.
1051 2068 1250 2151 Joyce
1281 2070 1583 2150 loquatur
1615 2070 1694 2132 de
1727 2068 2176 2133 Franciscanis
2208 2068 2275 2131 in
2304 2090 2557 2150 genere,
2590 2079 2662 2133 ut
2692 2068 3057 2143 videtur,—

666 2172 791 2254 “by
841 2174 951 2236 the
1007 2171 1492 2247 Franciscans'’,
1543 2183 1617 2236 ut
1670 2173 1808 2253 ipse
1859 2173 2341 2247 ait,—insinuat
2396 2173 2623 2237 saltem
2675 2171 3053 2253 hujusmodi

667 2277 1070 2351 sententiam,
1144 2297 1258 2340 seu
1332 2276 1582 2351 meliuS,
1656 2277 2036 2357 hujusmodi
2110 2276 2465 2341 sententiae
2537 2276 3054 2359 applicationem,

665 2400 1072 2444 communem
1136 2380 1342 2445 fuisse
1403 2380 1571 2444 inter
1633 2380 2119 2444 FranciscanOS.
2227 2379 2358 2444 Sed
2418 2380 2540 2444 hoc
2600 2380 2861 2463 probari
2923 2400 3053 2444 non

663 2493 894 2566 potest.
975 2484 1167 2561 Nam,
1208 2484 1280 2563 1)
1324 2485 1507 2548 citari
1544 2485 1767 2565 nequit
1800 2485 2031 2566 aliquis
2067 2494 2292 2548 auctor
2326 2484 2545 2566 gravis
2587 2484 3054 2559 franciscanuS,

666 2588 774 2669 qui
833 2587 1032 2652 fuerit
1080 2608 1203 2670 pro
1251 2588 1630 2669 hujusmodi
1680 2587 2143 2671 applicatione;
2196 2588 2269 2668 2)
2330 2588 2469 2671 ipse
2522 2587 2588 2653 S.
2643 2588 2717 2652 P.
2769 2587 3056 2669 Joannes

666 2690 871 2754 XXII
920 2690 1204 2756 insinuat
1252 2712 1321 2756 se
1366 2712 1497 2755 non
1545 2711 1736 2773 agere
1786 2692 1867 2755 de
1913 2691 2213 2755 omnibus
2259 2691 2577 2772 theologis
2630 2689 3054 2755 franciscanis

664 2805 777 2859 aut
841 2795 923 2858 de
986 2795 1363 2859 eorumdem
1427 2795 1664 2875 majori
1729 2804 1935 2877 parte,
2001 2796 2114 2858 sed
2183 2794 2262 2858 de
2327 2794 2747 2875 quibusdam:
2837 2793 3055 2875 “Quia

667 2900 1074 2979 quorundam
1111 2899 1420 2975 mentes’'‚
1461 2900 1550 2962 ait
1595 2899 1660 2963 S.
1707 2898 2041 2962 Pontifex.
2125 2898 2413 2979 Quinam
2456 2898 2584 2963 sint
2625 2898 2715 2961 illi
2763 2897 3055 2963 fautores

666 3003 802 3085 ipse
845 3002 911 3068 S.
958 3002 1274 3066 Pontifex
1315 3003 1651 3067 describit:
1737 3002 1955 3085 “Quia
1996 3003 2403 3084 quorundam
2447 3012 2694 3066 mentes
2738 3003 2829 3067 sic
2869 3012 3056 3084 pater

666 3106 982 3171 mendacii
1029 3107 1263 3170 dicitur
1309 3128 1710 3181 excaecasse,
1755 3109 1932 3188 quod
1976 3106 2217 3171 nostris
2262 3106 2848 3181 constitutionibus,
2894 3126 3055 3188 quo-

668 3231 813 3274 rum
868 3231 998 3274 una
1053 3210 1310 3292 incipit:
1410 3212 1520 3275 Ad
1576 3212 1998 3275 Conditorem
2052 3230 2394 3285 canonum,
2448 3210 2577 3274 alia
2630 3230 2822 3274 vero:
2883 3209 3051 3273 Cum

665 3313 835 3377 inter
901 3316 1247 3379 nonnullos
1292 3364 1306 3378 .
1354 3365 1368 3379 .
1417 3365 1431 3379 .
1479 3365 1493 3379 .
1539 3336 1670 3379 non
1738 3316 1981 3396 absque
2048 3314 2253 3378 multa
2318 3315 2680 3378 temeritate
2749 3312 3052 3396 plectibili

665 3418 790 3482 nisi
835 3418 1102 3483 fuerunt
1142 3419 1480 3483 detrahere
1517 3430 1582 3483 et
1619 3420 1917 3483 nituntur
1954 3439 2031 3483 ac
2068 3420 2429 3493 veritatem,
2468 3439 2663 3501 quam
2702 3418 3054 3493 continent,

666 3542 782 3605 per
838 3522 1039 3587 falsas
1092 3522 1377 3586 insanias
1428 3521 1791 3598 offuscare;
1844 3542 1963 3586 nos
2016 3532 2151 3585 tam
2202 3520 2581 3603 perniciosis
2634 3520 2918 3597 ausibus,
2973 3541 3056 3583 ne

661 3645 892 3689 eorum
923 3625 1216 3689 doctrina
1244 3623 1561 3706 pestifera
1591 3624 1979 3705 simplicium
2011 3624 2262 3688 animos
2295 3623 2689 3688 labefactare
2718 3624 2930 3688 valeat
2956 3672 2969 3685 .
2997 3672 3011 3686 .
3038 3672 3053 3687 .

665 3728 1070 3793 decrevimus
1117 3777 1130 3792 .
1179 3778 1192 3792 .
1241 3727 1299 3791 .”
1379 3728 1456 3791 In
1487 3729 1766 3792 decursu
1798 3729 2009 3792 bullae
2042 3748 2155 3792 eos
2185 3728 2521 3809 theologos
2553 3738 2742 3791 vocat
2779 3726 2845 3791 S.
2882 3727 3055 3790 Pon-

665 3831 838 3895 tifex
887 3831 1311 3896 fabricatores
1352 3832 1860 3906 mendaciorum,
1905 3852 2017 3897 eos
2062 3832 2345 3896 declarat
2387 3840 2801 3895 contumaces
2845 3841 2909 3894 et
2954 3849 3055 3892 re-

665 3935 862 3999 belles
918 3936 1250 3999 Romanae
1306 3935 1631 4000 Ecclesiae
1685 3946 1750 3999 ct
1804 3935 2202 4000 “haereticos
2255 3933 2617 3998 vitandos'’.
2717 3932 3055 4014 Numquid
3122 4015 3125 4017 Ὗ

666 4038 843 4113 haec,
889 4039 1027 4103 sine
1071 4038 1424 4104 manifesta
1467 4038 1730 4120 injuria,
1776 4039 1902 4103 dici
1947 4049 2220 4121 possunt
2266 4038 2347 4103 de
2392 4038 2691 4102 omnibus
2736 4036 3054 4118 theologis

671 4140 1097 4207 franciscanis
1133 4152 1247 4207 aut
1284 4143 1366 4206 de
1402 4143 1779 4207 eorumdem
1818 4142 2055 4224 majori
2093 4152 2278 4224 parte
2294 4141 2349 4206 ἲ*

752 4245 978 4309 Talem
1035 4244 1439 4319 sententiam,
1495 4244 1550 4309 si
1605 4245 1696 4309 sic
1749 4265 1894 4308 eam
1947 4265 2181 4308 vocare
2235 4244 2379 4326 quis
2433 4243 2607 4318 velit,
2664 4243 3055 4307 sustinentes

671 4347 938 4412 fuerunt
975 4348 1066 4413 sic
1101 4348 1256 4413 dicti
1289 4348 1680 4429 Spirituales
1715 4359 1780 4412 et
1817 4349 1861 4411 ii
1903 4349 2166 4413 Fratres
2206 4348 2520 4423 Minores,
2559 4348 2709 4428 “qui
2749 4367 2834 4409 ex
2870 4355 3053 4429 parte

667 4450 982 4515 Ludovici
1028 4451 1266 4516 Bavari
1315 4452 1672 4527 fuerunt’'⁶,
1717 4452 1955 4534 quique
2003 4452 2242 4517 fratres
2287 4453 2738 4527 efformarunt,
2783 4460 2856 4514 ut
2901 4470 3054 4515 con-

747 4620 776 4659 4
797 4622 1109 4677 Bullarium
1153 4624 1199 4677 F
1201 4623 1604 4689 ranciscanum,
1647 4633 1781 4679 tom.
1824 4624 1896 4689 V,
1936 4641 2061 4689 pag.
2101 4623 2216 4688 271,
2261 4625 2490 4688 Romae,
2535 4623 2677 4677 1898.

748 4694 776 4735 ⁵
796 4695 935 4751 Ibid.
975 4706 1109 4753 nota
1147 4698 1196 4752 3.
