3509 5267
545 528 621 589 14
764 533 771 539 '
842 526 942 588 De
981 524 1276 589 Clavium
1311 523 1665 587 Potestatis
1700 524 2071 587 Existentia
2105 524 2323 606 Atque
2361 525 2640 590 Natura.

627 713 897 777 Duabus
947 733 1105 793 ergo
1155 711 1512 777 rationibus
1562 712 1841 793 probant
1890 712 2174 795 praefati
2231 714 2549 777 Doctores
2599 714 2939 796 poeniten-

539 818 700 881 tiam
734 818 1043 881 virtutem
1080 816 1420 897 specialem
1457 836 1616 879 esse.
1699 816 1955 880 Prima:
1994 816 2146 898 quia
2180 817 2579 899 poenitentia
2614 828 2712 882 est
2748 827 2937 882 actus

542 921 904 1003 specialiter
951 920 1179 995 bonuS,
1228 919 1503 984 difficilis
1553 931 1617 984 et
1667 919 2026 984 laudabilis.
2124 920 2458 985 Secunda:
2508 921 2661 1002 quia
2694 922 2934 1003 poeni-

541 1024 744 1088 tentia
795 1024 1112 1089 motivum
1166 1024 1357 1088 habet
1413 1024 1686 1106 speciale
1745 1023 2039 1100 formale,
2096 1046 2203 1099 sc„
2256 1025 2411 1089 odio
2463 1025 2657 1089 habet
2671 1108 2689 1116 ἱ
2707 1045 2932 1108 pecca-

539 1138 700 1202 tum,
735 1127 888 1209 quia
921 1138 986 1191 et
1019 1137 1338 1209 quatenus
1371 1138 1470 1192 est
1507 1128 1630 1191 Dei
1668 1127 1942 1192 offensa.
1983 1127 2253 1193 Ceterae
2286 1129 2561 1193 virtutes
2595 1139 2936 1211 peccatum

540 1252 672 1295 non
703 1231 1134 1306 considerant,
1169 1242 1242 1295 ut
1277 1232 1399 1295 Dei
1432 1230 1848 1308 offensivum,
1884 1233 1998 1296 sed
2030 1243 2364 1314 tamquam
2397 1254 2437 1297 a
2473 1234 2723 1297 ratione
2768 1232 2932 1314 (fide

539 1334 896 1415 illustrata)
949 1335 1266 1399 deforme.

627 1438 757 1503 Hic
815 1439 1174 1503 notandum
1231 1440 1512 1504 occurrit
1569 1439 1845 1503 Doctori
1899 1440 2269 1522 Profund0‚
2334 1441 2389 1502 F
2392 1436 2441 1503 r‘.
2504 1441 2833 1505 Richardo
2892 1462 2939 1505 a

543 1542 768 1607 Media
814 1543 1008 1619 Villa,
1059 1543 1141 1607 O.
1193 1544 1266 1607 F.
1319 1544 1436 1618 Μ.,
1485 1553 1744 1608 mortuo
1792 1565 1846 1608 c.
1894 1566 1952 1607 a.
2006 1548 2188 1619 1300,
2238 1565 2369 1609 non
2410 1545 2670 1626 ‘placere
2718 1545 2933 1609 dicere

539 1647 972 1729 poenitentiae
1010 1648 1339 1728 objectum
1377 1648 1559 1711 “esse
1595 1657 1931 1729 peccatum
1972 1649 2090 1712 sub
2130 1649 2380 1712 ratione
2418 1670 2545 1729 qua
2584 1659 2682 1713 est
2719 1658 2937 1713 trans-

539 1752 790 1832 gressio
833 1750 1092 1815 divinae
1139 1752 1298 1833 legis
1344 1750 1748 1832 vindicabilis
1797 1762 1861 1815 et
1909 1752 2249 1833 expiabilis
2299 1772 2415 1833 per
2463 1761 2680 1816 actum
2728 1752 2936 1833 ipsius

541 1854 1096 1935 poenitentiae”³².
1142 1854 1480 1936 Quidquid
1535 1855 1618 1919 sit
1671 1856 1752 1919 de
1806 1855 1950 1930 hoc,
2004 1856 2071 1917 in
2123 1856 2353 1921 ceteris
2407 1856 2779 1937 opinionem
2834 1875 2936 1918 se-

539 1959 760 2041 quitur
787 1979 1216 2023 communem.

626 2062 790 2126 Ven.
840 2064 1087 2126 Doctor
1131 2062 1404 2127 Subtilis
1448 2073 1511 2127 et
1555 2064 1921 2141 Marianus,
1968 2063 2052 2128 O.
2101 2064 2174 2128 F.
2224 2064 2340 2138 Μ.,
2388 2064 2712 2144 loquendo
2756 2061 2935 2125 hisce

541 2168 623 2230 de
685 2168 898 2241 rebus,
959 2167 1278 2231 consentit
1339 2168 1913 2249 praedecessorum
1976 2169 2334 2231 Doctorum
2397 2166 2936 2250 expositionibus,

543 2271 656 2335 sed
688 2270 1031 2335 nonnullas
1069 2271 1227 2334 facit
1261 2271 1725 2347 distinctiones,
1760 2292 1921 2353 quas
1955 2272 2112 2333 mihi
2148 2271 2334 2335 liceat
2368 2281 2613 2335 notare.

628 2375 706 2437 In
757 2375 1006 2457 primis,
1063 2375 1309 2438 Doctor
1365 2370 1870 2456 quadrupliciter
1923 2375 2386 2457 poenitentiam
2443 2373 2703 2450 definit;
2760 2374 2936 2455 quia,

541 2480 897 2543 secundum
976 2479 1210 2560 ipsum,
1289 2480 1722 2561 poenitentiae
1799 2480 2188 2544 vocabulum
2268 2488 2547 2559 quatuor
2627 2477 2933 2541 includit:

543 2583 936 2647 “Vindicare
985 2583 1439 2658 commissum;
1490 2582 1816 2646 Detestari
1866 2583 2319 2658 commissum;
2371 2581 2730 2663 Acceptare
2780 2601 2938 2663 poe-

541 2708 693 2751 nam
741 2687 1050 2750 inflictam
1071 2708 1086 2761 ;
1111 2687 1465 2750 'Patienter
1515 2687 1690 2750 ferre
1737 2706 2015 2768 poenam
2064 2686 2491 2749 inflictam’'⁸³.
2582 2685 2690 2749 Ex
2736 2685 2936 2759 hisce,

541 2801 822 2873 quatuor
853 2799 1192 2872 sequentes
1225 2790 1632 2854 definitiones
1662 2791 1766 2855 vel
1799 2789 2263 2871 descriptiones
2296 2790 2623 2865 efformat,
2657 2809 2940 2880 quarum

543 2894 796 2975 “prima
829 2903 927 2958 est
963 2894 1120 2957 ista:
1202 2893 1543 2956 Poenitere
1581 2902 1678 2957 est
1699 2892 2044 2969 ‚vindicare
2080 2902 2415 2974 peccatum
2452 2914 2491 2955 a
2529 2914 2597 2956 se
2632 2891 2938 2956 commis—

543 3018 688 3063 sum
734 3048 749 3061 .
797 3047 810 3061 .
859 3048 872 3061 .
931 2996 1236 3060 Secunda
1291 2997 1638 3077 descriptio
1695 3005 1828 3061 est:
1911 2996 2253 3059 Poenitere
2310 3005 2409 3059 est
2466 2995 2773 3072 detestari
2829 2995 2939 3059 vel

542 3101 724 3165 odire
753 3109 1088 3182 peccatum
1118 3121 1158 3164 a
1190 3122 1258 3165 se
1288 3101 1724 3176 commissum,
1756 3102 1860 3165 vel
1894 3101 2398 3182 displiscentiam
2430 3099 2666 3164 habere
2699 3101 2781 3163 de
2811 3100 2940 3163 hoc

541 3214 806 3285 peccato
855 3225 895 3267 a
946 3225 1014 3267 se
1061 3203 1410 3267 commisso
1456 3254 1470 3267 .
1518 3253 1532 3267 .
1581 3254 1594 3267 .
1693 3204 1916 3267 Tertia
1966 3203 2345 3285 descriptio:
2442 3190 2783 3266 Poenitere
2835 3212 2933 3265 est

540 3329 818 3390 poenam
883 3307 1192 3371 inflictam
1257 3327 1378 3388 pro
1442 3317 1706 3388 peccato
1774 3327 1895 3372 suo
1958 3308 2306 3371 commisso
2372 3316 2702 3388 gratanter
2768 3305 2939 3369 acci·—

542 3433 694 3494 pere
741 3462 755 3475 .
804 3461 817 3476 .
866 3461 880 3475 .
963 3411 1217 3489 Quarta
1250 3412 1598 3493 descriptio
1635 3422 1767 3475 est:
1829 3411 2170 3474 Poenitere
2207 3421 2305 3475 est
2340 3430 2616 3491 poenam
2656 3409 2775 3473 sibi
2813 3430 2937 3491 pro

541 3526 805 3597 peccato
851 3536 972 3579 suo
1015 3514 1326 3578 inflictam
1370 3516 1688 3596 patienter
1736 3514 2057 3579 sufferre''
2115 3513 2381 3596 (Ibid.).

624 3637 926 3699 PRIMA
997 3636 1446 3699 consideratur
1509 3636 1941 3716 poenitentiae
2008 3634 2621 3717 siqnificati0.—(a)
2700 3634 2939 3699 Poeni—

541 3741 745 3803 tentia
783 3740 996 3821 primo
1038 3760 1232 3803 sensu
1274 3740 1616 3821 desumpta
1655 3750 1753 3803 est
1794 3739 2041 3814 virtus,·
2081 3739 2273 3820 “quia
2312 3748 2525 3821 potest
2568 3759 2710 3803 esse
2750 3748 2938 3802 actus

542 3843 904 3908 conformis
967 3852 1178 3907 rectae
1242 3842 1518 3907 rationi'’
1581 3842 1709 3906 fide
1771 3843 2128 3907 illustratae
2200 3842 2456 3923 (Oxon.
2523 3841 2641 3917 IV,
2706 3843 2768 3907 d.
2834 3845 2937 3917 14,

543 3970 603 4030 q.
645 3952 703 4022 2,
741 3968 804 4011 n.
845 3947 949 4027 2).

638 4050 750 4133 (b)
808 4050 1215 4114 Poenitentia
1261 4051 1382 4115 hoc
1425 4071 1619 4115 sensu
1665 4061 1923 4131 sumpta
1969 4060 2065 4114 est
2109 4050 2317 4114 virtus
2362 4049 2697 4131 specialis,·
2742 4046 2939 4129 “quia

544 4155 650 4220 ille
680 4164 864 4220 actus
897 4164 1088 4219 natus
1123 4165 1222 4220 est
1256 4155 1491 4219 habere
1527 4155 1801 4237 speciale
1834 4153 2182 4235 objectum,
2219 4163 2283 4217 et
2319 4154 2627 4236 speciales
2660 4152 2939 4216 circum·

545 4258 852 4335 stantias;
905 4258 1256 4340 objectum,
1309 4270 1644 4341 peccatum
1699 4257 2119 4333 vindicabile;
2174 4256 2713 4331 circumstantiaS,
2768 4274 2934 4337 quae

543 4362 936 4427 conveniunt
979 4362 1171 4438 actui,
1209 4371 1289 4426 'ut
1333 4373 1505 4427 recte
1547 4362 1838 4426 tendenti
1884 4362 1951 4424 in
1997 4362 2124 4425 tale
2165 4360 2517 4441 objectum,
2565 4380 2673 4434 sc„
2717 4358 2937 4433 finem,

543 4465 811 4530 modum
854 4475 918 4529 et
961 4464 1381 4547 hujusmodi'’
1436 4465 1636 4546 (Ibid.
1680 4486 1789 4529 nn.
1834 4464 2009 4544 3-4).

622 4630 680 4668 32
701 4630 985 4696 Scriptum
1029 4647 1196 4695 super
1237 4630 1322 4686 IV
1364 4630 1534 4695 Sent„
1577 4628 1702 4685 dist.
1748 4629 1827 4694 14,
1866 4647 1915 4684 a.
1959 4630 2004 4695 1,
2046 4628 2317 4693 VenetiiS,
2359 4646 2408 4683 a.
2453 4628 2597 4682 1489.
2671 4603 2675 4607 ¹

623 4698 888 4754 ³³Oxon.
930 4700 1031 4764 IV,
1070 4700 1121 4753 d.
1162 4701 1240 4763 14,
1275 4718 1326 4764 q.
1369 4701 1412 4763 1,
1450 4718 1502 4753 n.
1544 4701 1620 4753 14.
