3509 5267
547 503 633 604 90
852 540 953 602 De
992 537 1289 602 Clazdum
1324 537 1678 602 Potestatis
1713 538 2081 602 Existentia
2116 539 2334 619 Atque
2370 538 2650 603 Natura.

548 722 845 797 trum”⁶⁴,
879 733 944 787 et
974 721 1394 786 manifestam
1425 721 1800 786 violentiam
1835 721 2040 785 infert
2073 742 2258 786 sacro
2290 722 2537 798 textui;
2571 743 2728 805 ergo
2762 744 2945 787 sacer

546 835 767 890 textus
807 824 1074 906 intelligi
1115 824 1337 906 nequit
1374 823 1457 888 de
1498 823 1931 888 declaratione
1970 833 2244 900 tantum,
2285 825 2399 890 sed
2439 825 2708 908 intelligi
2752 826 2940 890 debet

547 929 630 992 de
669 949 825 992 vera
869 927 1265 992 remissione.

633 1045 906 1111 Accedit
947 1047 1121 1128 quod
1166 1045 1488 1111 Dominus
1532 1045 1623 1110 ita
1665 1046 1953 1129 loquitur
1993 1057 2068 1111 ut
2109 1046 2282 1112 clare
2323 1058 2541 1131 pateat
2582 1048 2942 1130 peccatoris

550 1149 1003 1232 purgationem
1040 1147 1347 1230 effectum
1383 1169 1525 1213 esse
1559 1147 1834 1214 actionis
1871 1150 2322 1215 sacerdotalis:
2363 1151 2416 1215 si
2455 1152 2802 1228 remittitiS,
2845 1173 2943 1215 re-

551 1250 866 1326 mittitur;
925 1271 1081 1332 ergo
1138 1251 1320 1334 prior
1378 1261 1477 1315 est
1538 1251 1708 1316 actio
1769 1252 2144 1327 sacerdotiS,
2205 1253 2528 1336 posterior
2587 1255 2944 1336 peccatoris

550 1353 872 1436 purgati0,
908 1354 1075 1418 sicut
1106 1353 1289 1436 prior
1321 1364 1418 1419 θεῖ
1454 1375 1670 1430 causa,
1704 1355 2028 1437 posterior
2063 1366 2162 1420 est
2195 1355 2488 1420 effectus

637 1489 999 1553 IL—Idem
1044 1499 1298 1554 constat
1343 1510 1427 1552 ex
1474 1490 2010 1572 contextu.--(a)
2066 1492 2368 1574 Apostoli
2414 1502 2635 1575 agunt,
2683 1494 2944 1575 quando

551 1591 887 1656 remittunt
916 1601 1199 1674 peccata,
1232 1591 1301 1655 in
1332 1593 1572 1657 virtute
1608 1591 1893 1674 Spiritus
1931 1593 2170 1658 Sancti.
2233 1594 2363 1659 Sed
2399 1595 2682 1678 Spiritus
2722 1596 2941 1661 Sancti

549 1695 889 1776 proprium
958 1704 1055 1758 est
1123 1715 1256 1758 non
1325 1705 1579 1759 tantum
1650 1697 1980 1760 declarare
2053 1697 2500 1761 remissionem
2570 1719 2943 1762 concessam

553 1797 781 1871 fuisse,
832 1796 945 1860 sed
995 1796 1202 1878 ipsam
1252 1797 1697 1862 remissionem
1748 1799 1998 1863 efficere
2049 1820 2163 1864 seu
2212 1800 2415 1882 ipsius
2467 1811 2565 1865 est
2616 1803 2943 1866 remittere

550 1911 664 1966 aut
720 1900 1016 1966 retinere.
1113 1902 1291 1984 Ergo
1344 1902 1645 1984 Apostoli
1700 1903 1895 1966 etiam
1949 1922 2084 1966 non
2134 1912 2389 1966 tantum
2445 1905 2773 1968 declarant
2827 1925 2945 1969 seu
3003 1931 3012 1937 ·

550 2004 900 2068 ostendunt
946 2004 1411 2080 remissionem,
1456 2005 1569 2069 sed
1613 2004 1822 2086 ipsam
1869 2005 2314 2070 remissionem
2359 2016 2728 2089 operantur.

646 2138 758 2220 (b)
812 2139 1178 2215 Praeterea,
1221 2140 1521 2222 Apostoli
1564 2141 1802 2204 habent
1845 2141 2138 2206 eamdem
2181 2142 2555 2208 missionem
2597 2164 2673 2208 ac
2716 2144 2943 2207 Domi-

550 2236 675 2305 nus
707 2251 929 2305 noster
960 2242 1151 2322 Jesus
1187 2242 1521 2319 Christus;
1556 2244 1669 2308 sed
1703 2243 1930 2308 missio
1966 2244 2229 2309 Domini
2264 2245 2468 2309 nostri
2505 2246 2662 2326 Jesu
2700 2246 2941 2311 Christi

551 2363 685 2407 non
728 2343 857 2408 fuit
898 2354 1152 2408 tantum
1192 2345 1533 2410 ostendere
1574 2347 1676 2410 vel
1721 2346 2050 2410 declarare
2096 2347 2539 2412 remissionem
2583 2349 2686 2413 vel
2734 2360 2944 2413 reten-

552 2445 796 2509 tionem
850 2455 1178 2528 peractam
1236 2446 1462 2523 fuisse,
1519 2448 1632 2512 sed
1692 2449 1822 2513 fuit
1877 2448 2204 2513 remittere
2258 2449 2362 2512 vel
2418 2449 2730 2526 retinere;
2786 2471 2943 2533 ergo

554 2548 882 2612 remittere
914 2549 1015 2612 vel
1052 2549 1328 2614 retinere
1366 2549 1495 2614 fuit
1529 2550 2000 2633 Apostolorum
2034 2551 2280 2626 missio,
2315 2572 2445 2616 non
2482 2562 2736 2616 tantum
2771 2553 2945 2617 nude

552 2651 900 2715 declarare.

635 2775 868 2857 Major
894 2774 1159 2840 evidens
1189 2786 1288 2840 est
1316 2797 1401 2840 ex
1431 2777 1647 2841 verbis
1678 2777 1978 2842 Domini:
2032 2778 2258 2843 “Sicut
2289 2800 2394 2843 me
2424 2778 2601 2846 misit
2634 2780 2849 2856 Pater,
2881 2790 2946 2844 et

550 2899 674 2959 ego
698 2878 886 2942 mitto
912 2877 1093 2942 vos'’.
1144 2878 1525 2944 Notandum
1551 2890 1770 2943 tamen
1795 2891 1894 2945 est
1918 2881 2095 2962 quod
2121 2881 2305 2946 adest
2331 2876 2547 2963 aliqua
2574 2880 2946 2946 differentia

555 2980 724 3044 inter
779 2980 1022 3045 Christi
1076 2981 1451 3046 missionem
1505 2993 1569 3046 et
1622 2983 1998 3047 missionem
2054 2983 2542 3066 Apostolorum.
2645 2983 2944 3048 Christus

555 3083 747 3158 enim,
784 3093 856 3147 ut
890 3085 1092 3160 DeuS,
1129 3085 1398 3149 remittit
1432 3095 1694 3166 peccata
1729 3085 2114 3150 auctoritate
2149 3086 2435 3167 propria,
2472 3096 2557 3160 et,
2591 3097 2664 3150 ut
2699 3085 2774 3148 H
2777 3106 2944 3162 ome,

551 3205 703 3249 cum
751 3185 985 3266 habeat
1035 3195 1421 3268 potestatem
1472 3188 1908 3268 excellentiae,
1960 3198 2223 3269 peccata
2275 3188 2560 3264 dimittit,
2613 3198 2946 3269 tamquam

553 3297 938 3368 potestatem
984 3288 1229 3353 habens
1272 3289 1613 3354 ministerii
1659 3291 2036 3372 principalis
2044 3312 2071 3367 ;
2116 3291 2417 3373 Apostoli
2465 3300 2684 3354 autem
2730 3289 2945 3353 dimit-

554 3399 701 3453 tunt
755 3399 1075 3472 potestate
1128 3391 1533 3456 ministeriali
1587 3393 1992 3458 secundaria.
2092 3393 2581 3456 “Veruntamen
2639 3392 2804 3456 sicut
2861 3393 2948 3456 ad

484 3500 493 3504 “
553 3491 860 3556 effectum
895 3493 1197 3575 baptismi
1234 3494 1393 3557 nihil
1431 3494 1761 3570 intererat,
1798 3506 2019 3560 utrum
2056 3495 2354 3560 Christus
2389 3514 2507 3577 per
2542 3515 2630 3572 se,
2667 3514 2752 3557 an
2787 3513 2946 3556 vero

556 3617 674 3677 per
722 3598 1052 3679 apostolos
1103 3598 1460 3680 baptizaret
1477 3619 1494 3673 ;
1544 3598 1696 3679 quia
1750 3618 2003 3679 semper
2052 3617 2282 3662 verum
2334 3608 2474 3661 erat
2525 3595 2717 3660 illud:
2815 3595 2948 3659 Hic

557 3708 655 3762 est
698 3698 811 3779 qui
854 3699 1136 3781 baptizat
1181 3700 1249 3764 in
1294 3700 1547 3781 Spiritu
1591 3701 1834 3766 Sancto
1846 3721 1874 3777 ,·
1918 3711 1982 3764 et
2028 3700 2193 3764 sicut
2237 3720 2369 3763 non
2416 3699 2632 3763 minus
2679 3698 2946 3762 manda-

555 3801 748 3865 batur
783 3823 823 3865 a
861 3803 1058 3884 lepra,
1098 3823 1289 3885 quem
1327 3804 1660 3885 apostolus
1700 3813 1962 3885 accepta
2001 3823 2040 3866 a
2082 3801 2344 3866 Christo
2380 3811 2720 3884 potestate,
2759 3820 2948 3864 mun-

556 3903 714 3967 dum
754 3924 895 3968 esse
935 3904 1210 3986 juberet,
1250 3927 1447 3987 quam
1487 3925 1678 3987 quem
1716 3925 1835 3987 per
1875 3927 1945 3970 se
1986 3905 2200 3987 ipsum
2243 3904 2542 3970 Christus
2583 3903 2948 3978 mundaret,

557 4019 621 4072 et
662 4008 753 4072 ita
792 4008 860 4071 in
900 4010 1132 4074 ceteris
1172 4010 1537 4086 miraculis;
1577 4011 1728 4092 quia
1769 4010 2078 4074 nimirum
2117 4030 2234 4092 per
2275 4010 2605 4091 apostolos
2649 4007 2948 4073 Christus

556 4114 947 4194 operabatur
986 4115 1071 4178 ad
1111 4116 1411 4179 eumdem
1448 4136 1718 4198 prorsus
1758 4115 2046 4190 modum,
2088 4135 2218 4178 non
2260 4115 2475 4178 minus
2516 4111 2949 4194 consequeba-

557 4227 668 4281 tur
718 4218 1165 4284 remissionem
1212 4230 1625 4302 peccatorum
1678 4220 1733 4285 is
1783 4220 1889 4284 cui
1938 4220 2272 4302 apostolus
2322 4218 2631 4282 mandato
2686 4215 2949 4290 Christi,

557 4343 755 4404 quam
790 4323 893 4387 cui
934 4323 1231 4389 Christus
1266 4344 1383 4407 per
1420 4346 1489 4389 se
1526 4325 1801 4388 diceret:
1849 4399 1853 4403 .
1881 4325 2329 4389 Remittuntur
2366 4323 2486 4387 tibi*
2516 4330 2780 4404 peccata
2820 4331 2949 4397 tua,

557 4427 681 4503 vel,
727 4428 870 4509 Eyo
917 4437 979 4493 te
1024 4431 1292 4494 absolvo
1342 4451 1383 4494 a
1425 4431 1705 4510 peccatis
1753 4429 1902 4506 tuis,
1953 4429 2214 4512 Christo
2260 4428 2560 4492 videlicet
2605 4428 2729 4492 hoc
2777 4426 2951 4490 idem

644 4624 842 4681 fflCfr.
881 4626 1223 4682 Guillermus
1256 4625 1465 4692 Estius,
1499 4628 1558 4682 in
1593 4627 1854 4692 Quatuor
1889 4627 2008 4682 Lib.
2048 4627 2202 4684 Sent.
2241 4627 2472 4690 Comm..
2510 4634 2644 4680 tom.
2682 4625 2788 4691 111,
2825 4641 2950 4692 pag.

556 4700 656 4756 237
694 4719 781 4766 ss,
818 4701 997 4767 Paris,
1033 4702 1179 4756 1680.
