3509 5267
1640 532 1902 596 TheseS.
2847 533 2972 597 139

1641 713 1896 780 XLIII.

660 835 922 901 Titulus
959 835 1118 917 legis
1154 835 1382 910 civilis,
1419 834 1775 898 dummodo
1812 854 1944 897 non
1981 843 2232 900 constet
2269 834 2768 899 immoderatum
2806 855 2968 910 esse,

580 949 679 1004 est
722 937 902 1020 justa
946 938 1115 1002 ratio
1157 947 1221 1001 et
1265 938 1538 1002 honesta
1583 937 1836 1000 lucrum
1879 936 2142 1020 aliquod
2189 957 2276 1001 ex
2321 946 2550 1002 mutuo
2599 935 2968 1019 recipiendi,

580 1041 831 1106 secluso
864 1040 1059 1105 etiam
1093 1060 1499 1122 quocumque
1532 1039 1661 1104 alio
1694 1039 1906 1115 titulo,
1943 1039 1984 1104 i.
2019 1060 2096 1114 e.‚
2130 1039 2288 1120 quin
2322 1059 2488 1121 opus
2525 1039 2608 1103 sit
2644 1039 2968 1120 inquirere

577 1163 663 1206 an
700 1141 865 1207 alius
902 1142 1130 1207 titulus
1169 1143 1358 1207 adsit.

1646 1266 1892 1331 XLIV.

663 1387 1001 1451 Naturalis
1044 1386 1297 1468 justitia
1342 1385 1546 1468 exigit
1592 1397 1665 1451 ut
1711 1386 2159 1468 operariorum
2206 1385 2640 1452 remuneratio
2687 1385 2835 1451 talis
2883 1387 2967 1450 sit

576 1501 651 1554 ut
683 1489 956 1553 sufficiat
987 1499 1123 1554 tam
1160 1490 1295 1554 suis
1328 1509 1523 1570 quam
1556 1510 1824 1553 suarum
1862 1488 2260 1553 familiarum
2294 1488 2782 1553 necessitatibus
2818 1488 2968 1553 sub-

576 1591 933 1667 veniendis,
980 1591 1219 1674 frugali
1262 1601 1482 1656 tamen
1524 1592 1726 1656 modo
1765 1601 1828 1654 et
1873 1588 2255 1655 rationabili.

1661 1774 1870 1839 XLV.

662 1901 1038 1983 Numquam
1090 1900 1238 1964 licet
1287 1900 1534 1965 directa
1580 1899 1868 1964 actione:
1922 1921 2129 1981 neque
2179 1900 2472 1964 occidere
2524 1900 2847 1965 infantem
2898 1901 2966 1963 in

578 2013 765 2067 utero
818 2003 1081 2078 matris;
1138 2022 1345 2085 neque
1401 2003 1776 2086 operatione
1829 2003 2194 2084 chirurgica
2249 2002 2430 2067 illum
2486 2003 2829 2067 extrahere
2885 2003 2967 2067 ab

576 2115 763 2169 utero
811 2105 1057 2180 matris,
1104 2126 1253 2169 cum
1299 2114 1488 2169 extra
1534 2115 1793 2168 uterum
1842 2105 2132 2169 nondum
2182 2105 2402 2171 vivere
2450 2105 2674 2188 nequit
2723 2104 2966 2190 infanS,

578 2227 785 2290 neque
833 2208 963 2272 alio
1012 2208 1209 2272 modo
1256 2207 1559 2272 abortum
1607 2227 1977 2291 procurare.

1642 2376 1889 2440 XLVI.

660 2495 990 2559 Catholice
1028 2495 1332 2559 sustineri
1369 2506 1583 2576 potest
1621 2495 1942 2576 quaelibet
1981 2516 2064 2558 ex
2101 2495 2276 2559 hisce
2315 2494 2727 2578 opinionibus
2767 2497 2966 2560 relate

576 2597 660 2660 ad
714 2597 1030 2662 diluvium
1084 2597 1482 2662 universale:
1537 2597 1613 2676 a)
1677 2597 1995 2661 diluvium
2053 2597 2182 2662 fuit
2233 2597 2524 2662 absolute
2580 2597 2964 2672 universale,

576 2699 617 2762 i.
669 2719 746 2775 e.‚
796 2709 931 2763 tam
981 2700 1408 2783 geographice
1462 2721 1657 2781 quam
1708 2699 2272 2781 anthropologice;
2323 2699 2401 2780 b)
2463 2699 2780 2764 diluvium
2838 2699 2964 2763 fuit

572 2801 945 2876 universale
995 2802 1521 2884 anthropologice
1580 2812 1870 2878 tantum;
1927 2803 1999 2882 c)
2066 2802 2384 2866 diluvium
2440 2822 2572 2865 non
2635 2801 2764 2865 fuit
2821 2801 2964 2864 uni-

572 2903 823 2968 versale
865 2923 1072 2985 neque
1112 2905 1639 2986 anthropologice
1682 2925 1890 2985 neque
1931 2905 2375 2987 geographice.

1619 3076 1902 3140 XLVII.

657 3195 997 3259 Canticum
1037 3195 1455 3260 Canticorum
1491 3195 1783 3277 poeticus
1821 3206 1919 3263 est
1955 3196 2115 3259 liber
2151 3216 2280 3277 quo
2317 3194 2676 3258 celebratur
2718 3194 2959 3260 Christi

516 3331 520 3335 -
569 3318 719 3361 cum
764 3297 1053 3362 Ecclesia
1099 3298 1432 3380 spirituale
1478 3291 1982 3363 matrimonium.

1597 3470 1918 3534 XLVIII.

654 3589 889 3670 LogoS‚
930 3610 1122 3671 quem
1164 3609 1283 3654 nos
1326 3590 1513 3652 docet
1556 3588 1622 3652 S.
1664 3589 1951 3670 Joannes
1993 3589 2351 3671 Apostolus
2392 3589 2459 3652 in
2503 3587 2636 3653 suis
2681 3588 2958 3672 scriptis,

564 3701 703 3756 toto
741 3691 919 3756 caelo
959 3691 1183 3756 differt
1222 3713 1262 3755 a
1302 3692 1450 3773 logo
1490 3712 1681 3772 quem
1722 3691 1983 3755 exhibet
2023 3692 2209 3756 nobis
2253 3691 2461 3756 Philo.

1632 3862 1880 3926 XLIX.

653 3982 1015 4045 Contextus
1068 3982 1399 4063 Epistolae
1452 3982 1483 4044 I
1534 3982 1618 4045 ad
1673 3981 1844 4056 Cor„
1895 4002 2034 4063 cap.
2090 3981 2240 4055 XV,
2292 3984 2506 4055 45-49,
2558 3979 2956 4063 parenticam

566 4083 826 4164 quidem
896 4084 1087 4147 habet
1157 4083 1711 4165 significationem,
1784 4085 1896 4148 sed
1969 4082 2237 4147 includit
2306 4083 2502 4146 etiam
2573 4081 2955 4164 mysterium

566 4185 839 4267 duplicis
881 4186 948 4250 in
992 4186 1252 4250 Christo
1293 4196 1583 4251 naturae.

1718 4329 1791 4392 L.

648 4448 861 4512 Tanta
900 4448 1083 4512 adest
1124 4447 1477 4512 similitudo
1519 4447 1928 4528 cogitationis
1969 4457 2033 4510 et
2073 4445 2511 4528 expressionis
2551 4445 2720 4509 inter
2759 4454 2953 4526 caput

564 4547 738 4612 XIII
777 4549 881 4613 lib.
924 4548 1291 4633 Sapientiae
1327 4559 1520 4631 atque
1558 4548 1625 4613 S.
1668 4548 1855 4613 Pauli
1893 4549 2099 4631 Epist.
2137 4549 2222 4612 ad
2259 4548 2593 4612 Romanos
2633 4548 2685 4622 Ι,
2727 4550 2804 4608 18
2845 4567 2950 4620 SS.,

562 4660 633 4715 ut
673 4652 968 4716 concludi
1007 4651 1213 4734 possit
1250 4651 1546 4733 aliqualis
1586 4651 1938 4715 litterarius
1979 4649 2266 4716 influxus
2309 4651 2376 4714 in
2421 4648 2488 4714 S.
2531 4650 2826 4714 Paulum.
