3509 5267
600 523 723 586 122
900 521 1001 584 De
1040 519 1097 584 C
1096 519 1337 582 lovium
1370 518 1727 583 Potestatis
1761 517 2132 582 Existentia
2166 519 2384 599 Atque
2421 519 2698 584 Natura.

600 701 835 768 fuisset
894 700 1367 768 sufficiens”¹⁸².
1474 699 1605 765 Sed
1666 700 1751 764 ad
1814 721 1964 765 eum
2025 701 2329 766 accedere
2391 702 2775 766 tenebantur
2837 703 2993 785 “qui

596 804 893 870 canonici
934 804 1223 870 criminis
1270 803 1364 868 rei
1412 813 1617 878 erant,
1664 825 1703 868 a
1748 823 1880 885 quo
1924 803 2173 868 absolvi
2219 825 2354 867 non
2397 815 2698 886 poterant
2744 827 2783 870 a
2830 826 2994 887 quo-

596 929 870 989 cumque
926 907 1259 972 sacerdote
1314 907 1429 971 sed
1482 927 1523 970 a
1578 906 1717 970 solo
1771 906 2305 988 poenitentiario;
2362 907 2578 989 itaque
2633 907 2990 972 secundum

594 1019 893 1074 nostrum
934 1009 1203 1074 modum
1243 1009 1547 1090 loquendi
1589 1009 1725 1090 ipse
1769 1009 1944 1074 solus
1984 1019 2240 1091 poterat
2281 1009 2615 1074 absolvere
2655 1031 2696 1074 a
2733 1009 2991 1074 casibus

596 1111 1086 1177 reservatis'’¹⁸⁸.
1172 1111 1365 1176 Hanc
1406 1111 1932 1186 reservationem,
1993 1113 2160 1175 hanc
2225 1112 2608 1176 facultatem
2663 1113 2990 1176 statuendi

592 1214 1041 1280 confessiones
1072 1214 1361 1296 publicas
1396 1214 1656 1279 sustulit
1691 1215 2058 1290 NectariuS,
2095 1226 2160 1279 et
2192 1215 2350 1278 nihil
2383 1215 2681 1298 amplius.
2760 1215 2990 1296 Itaque

594 1327 885 1400 tempore
932 1317 1221 1381 Nectarii
1266 1317 1488 1381 fideles
1528 1327 1830 1398 poterant
1871 1317 1956 1381 ad
2002 1339 2468 1398 quemcumque
2510 1317 2991 1382 confessarium

595 1440 927 1484 recurrere
992 1439 1117 1501 pro
1178 1419 1613 1494 confessione,
1679 1440 1846 1501 quae
1914 1419 2245 1485 confessio
2310 1430 2467 1485 tunc
2534 1421 2843 1503 temporis
2912 1440 2991 1484 ac

594 1521 896 1604 deinceps
939 1531 1189 1586 secreta
1236 1522 1385 1596 fuit,
1427 1532 1499 1587 ut
1539 1533 1796 1587 constat
1839 1544 1924 1588 ex
1965 1523 2038 1588 S.
2085 1523 2142 1588 C
2141 1524 2572 1605 hrysostomO,
2616 1543 2990 1587 successore

594 1623 907 1698 Nectarii,
944 1634 1008 1688 et
1044 1645 1129 1688 ex
1164 1625 1235 1690 S.
1270 1625 1451 1702 Nilo,
1492 1623 1559 1689 S.
1596 1625 1870 1706 Joannis
1910 1625 2357 1707 chrysostomi
2397 1625 2817 1709 discipu10¹⁵⁴.

1472 1816 1740 1880 Dictum
1779 1817 2091 1882 Gratiani.

676 1952 1028 2017 Gratianus
1069 1952 1275 2016 refert
1314 1973 1435 2017 suo
1471 1963 1765 2035 tempore
1805 1953 2126 2035 duplicem
2167 1954 2461 2020 adfuisse
2503 1955 2585 2018 de
2626 1955 2987 2020 confessio-

590 2055 692 2119 nis
735 2056 1116 2119 necessitate
1162 2055 1581 2119 sententiam:
1672 2055 2002 2136 “Quidam
2049 2057 2192 2120 Deo
2239 2057 2647 2122 solummodo
2691 2058 2985 2121 confiteri

591 2158 825 2221 debere
880 2167 1145 2240 peccata
1200 2159 1443 2233 dicunt,
1498 2168 1571 2222 ut
1629 2157 1882 2222 Graeci.
1983 2158 2270 2239 Quidam
2327 2180 2485 2224 vero
2543 2159 2985 2224 sacerdotibus

586 2261 957 2325 confitenda
998 2282 1138 2324 esse
1180 2271 1581 2343 percensent,
1627 2271 1699 2325 ut
1741 2271 1881 2325 tota
1930 2260 2069 2325 fere
2115 2271 2338 2325 sancta
2381 2261 2815 2326 Ecclesia’'¹⁵⁶.

677 2381 755 2443 In
792 2381 1020 2464 primis
1060 2389 1358 2445 auctores
1399 2379 1703 2460 rejiciunt
1740 2390 2073 2462 tamquam
2121 2381 2361 2445 falsum
2404 2381 2562 2444 illud
2603 2381 2777 2462 quod
2821 2381 2985 2445 Gra-

591 2484 806 2547 tianus
859 2483 1089 2546 asserit
1139 2483 1220 2546 de
1274 2483 1557 2547 Graecis,
1653 2483 1914 2546 Etenim
1968 2483 2034 2545 in
2087 2483 2358 2546 historia
2413 2483 2663 2547 nullum
2715 2494 2984 2566 apparet

587 2585 934 2666 vestigium
968 2586 1423 2667 disputationis
1458 2587 1581 2650 hac
1615 2587 1693 2649 de
1727 2606 1798 2648 re
1831 2586 2100 2650 Latinos
2135 2586 2303 2649 inter
2336 2596 2400 2650 et
2435 2585 2737 2651 Graecos.
2816 2586 2983 2651 Cum

590 2709 676 2750 ex
712 2689 916 2751 altera
950 2698 1157 2769 parte,
1194 2699 1441 2752 asserat
1480 2687 1832 2752 Gratianus
1873 2697 2076 2752 totam
2109 2689 2255 2770 fere
2294 2697 2586 2752 sanctam
2625 2688 2985 2752 Ecclesiam

590 2791 974 2855 sustinuisse
1022 2791 1470 2855 necessitatem
1520 2791 1961 2855 sacerdotibus
2007 2791 2378 2866 confitendi,
2425 2792 2721 2855 concludi
2768 2801 2982 2872 potest

588 2893 933 2958 nonnullos
970 2903 1225 2957 tantum
1263 2903 1560 2957 auctores
1600 2893 1998 2957 contrarium
2039 2894 2441 2958 sustinuisse.
2524 2893 2813 2974 Quinam
2853 2894 2984 2957 sint

591 2997 679 3059 illi
737 3006 1032 3059 auctores
1089 2996 1301 3059 adhuc
1357 2996 1712 3076 ignoratur.
1819 2995 1948 3059 Sed
2004 3006 2177 3059 certe
2235 2996 2452 3077 magni
2510 2996 2792 3059 nominis
2849 3016 2982 3059 non

588 3108 759 3174 sunt,
804 3119 952 3161 cum
999 3118 1224 3162 eorum
1268 3097 1513 3161 dictum
1556 3098 1911 3172 evanuerit,
1957 3107 2021 3161 et
2065 3118 2447 3162 evanescere
2493 3097 2782 3173 debebat,
2830 3098 2983 3180 quia

587 3210 815 3265 contra
856 3222 924 3264 se
964 3200 1157 3263 habet
1197 3210 1402 3263 totam
1442 3201 1880 3274 traditionem,
1921 3210 2058 3263 tam
2098 3201 2364 3263 latinam
2407 3221 2514 3275 sc.,
2559 3221 2757 3282 quam
2796 3220 2981 3282 grae-

586 3324 749 3378 cam,
791 3324 871 3366 cu
874 3303 983 3383 jus
1026 3303 1350 3384 specimen
1394 3301 1591 3384 supra
1635 3304 1860 3366 datum
1903 3312 2018 3366 est.

675 3423 904 3503 Neque
956 3431 1183 3485 catena
1232 3422 1601 3486 traditionis
1655 3423 2017 3503 interrupta
2069 3431 2166 3486 est
2219 3421 2633 3503 sequentibus
2687 3420 2977 3485 saeculis.

590 3525 764 3588 Nam
807 3525 1004 3587 “nulli
1048 3525 1314 3588 omnino
1352 3525 1635 3606 theologi
1680 3535 1850 3598 sunt,
1892 3525 2002 3606 qui
2044 3545 2176 3587 non
2221 3525 2495 3588 doceant
2534 3524 2979 3605 peccatoribus

585 3627 954 3690 christianis
998 3627 1478 3690 confessionem
1522 3627 1955 3690 necessariam
1997 3648 2139 3690 esse
2179 3628 2264 3690 ad
2308 3626 2726 3690 salutem''²⁵⁰.

672 3747 851 3809 Inter
888 3746 1345 3821 Scholasticos,
1384 3746 1687 3810 audiatur
1724 3746 1990 3810 ultimus
2029 3746 2319 3810 omnium
2359 3745 2607 3809 ratione
2646 3743 2977 3826 temporiS,

585 3848 732 3910 licet
784 3868 917 3911 non
967 3848 1201 3923 meriti,
1260 3849 1338 3913 V.
1388 3849 1430 3912 J
1434 3899 1447 3913 .
1502 3851 1586 3913 D.
1640 3849 1897 3925 Scotus,
1951 3848 2060 3928 qui
2117 3849 2337 3911 docet:
2435 3847 2978 3911 ‘fConfessionem

585 3952 1115 4014 sacramentalem
1160 3972 1299 4014 esse
1343 3951 1426 4013 ad
1469 3951 1741 4014 salutem
1785 3951 2215 4014 necessariam
2258 3970 2512 4030 semper
2554 3951 2633 4013 ab
2678 3949 2832 4013 orbe
2878 3968 2978 4010 re-

585 4054 847 4134 dempto
915 4053 1043 4116 fuit
1103 4053 1416 4118 catholica
1480 4054 1718 4117 veritas
1782 4063 1846 4116 et
1909 4052 2054 4133 ejus
2119 4051 2393 4116 assertio
2455 4050 2779 4115 contraria
2849 4049 2978 4113 fuit

582 4155 1049 4220 haeretica''²⁵⁷.

665 4331 751 4445 {Z}
770 4331 967 4418 Pesch,
1013 4331 1284 4388 Praelect.
1329 4333 1551 4398 Dogm..
1592 4332 1703 4388 vol.
1747 4331 1881 4398 VII,
1927 4332 1991 4386 P.
2037 4331 2113 4396 II,
2155 4348 2280 4398 pag.
2328 4331 2438 4385 191.

665 4480 749 4519 1⁵4
770 4407 957 4536 fffdb.
996 4481 1078 4547 79,
1118 4482 1233 4536 495.

664 4548 749 4588 155
769 4551 856 4605 De
894 4550 1112 4605 Poenit.
1153 4551 1279 4606 dist.
1320 4551 1365 4616 l,
1404 4567 1521 4615 cap.
1560 4551 1641 4604 90.

664 4617 752 4656 15⁶
769 4617 965 4683 Pesch,
1004 4620 1049 4673 1.
1087 4637 1148 4685 c.,
1184 4637 1307 4685 pag.
1348 4619 1457 4674 182-

663 4685 749 4723 157
767 4686 887 4740 Lib.
929 4686 1014 4740 IV
1054 4687 1223 4751 Sem„
1263 4687 1389 4742 dist.
1433 4687 1510 4741 17.
