3509 5267
963 530 1063 592 De
1104 528 1402 592 Cluvium
1436 527 1790 591 Potestatis
1827 525 2197 589 Exi-stentia
2230 525 2448 604 Atque
2483 525 2760 588 Natura.
2939 526 3062 589 115

1464 709 1502 772 I
1506 710 1840 772 .-—Patres
1882 707 1943 770 A
1948 707 2264 788 postolici.

756 847 985 911 Patres
1031 846 1391 928 Apostolici
1441 845 1796 927 loquuntur
1840 845 2104 926 quidem
2153 846 2233 908 de
2280 844 2714 920 confessione,
2765 845 2880 909 sed
2928 864 3061 908 non

668 959 922 1014 constat
970 960 1191 1014 utrum
1240 949 1588 1030 loquantur
1637 949 1720 1013 de
1768 947 2182 1012 confessione
2232 947 2350 1011 soli
2403 948 2546 1011 Deo
2600 947 2796 1021 facta,
2845 969 2930 1011 an
2979 947 3060 1010 de

666 1052 1080 1117 confessione
1118 1053 1291 1133 apud
1331 1051 1962 1116 sacerdotes—Non
2002 1059 2255 1114 constat
2293 1051 2489 1113 etiam
2531 1060 2752 1115 utrum
2793 1050 3059 1130 loquan-

666 1164 776 1218 tur
821 1156 900 1218 de
944 1154 1379 1230 confessione,
1425 1165 1496 1218 ut
1542 1155 1632 1218 ita
1679 1155 1910 1228 dicam,
1957 1153 2340 1228 devotionis,
2385 1174 2471 1217 an
2517 1154 2598 1218 de
2645 1153 3058 1218 confessione

668 1258 1114 1321 sacramentali
1159 1258 1378 1323 stricte
1420 1258 1610 1321 dicta.

753 1366 832 1428 In
880 1364 1172 1428 Didache
1224 1361 1563 1427 statuitur:
1658 1360 1782 1422 “In
1834 1360 2101 1424 ecclesia
2154 1359 2558 1424 confiteberis
2609 1369 2872 1440 peccata
2923 1368 3056 1433 tua,

666 1488 873 1550 neque
935 1466 1200 1532 accedes
1260 1465 1345 1529 ad
1405 1464 1766 1529 orationem
1827 1484 1975 1526 cum
2033 1462 2426 1527 conscientia
2487 1462 2807 1526 mala'’¹²⁰.
2891 1462 3056 1525 “Die

667 1570 990 1635 dominica
1042 1578 1259 1633 autem
1312 1567 1768 1631 convenientes
1827 1566 2110 1647 frangite
2162 1586 2395 1647 panem
2451 1575 2517 1629 et
2568 1566 2809 1647 gratias
2863 1566 3055 1646 agite,

664 1684 1008 1755 postquam
1042 1671 1274 1735 delicta
1307 1681 1524 1734 vestra
1558 1670 1845 1733 confessi
1881 1670 2055 1744 estis,
2091 1680 2163 1733 ut
2199 1669 2283 1732 sit
2316 1670 2632 1732 mundum
2668 1669 3055 1733 sacrificium

664 1775 1103 1841 vestrum''¹²¹.
1202 1773 1333 1837 Hic
1385 1774 1876 1837 commendatur
1927 1772 2278 1846 confessiO,
2335 1783 2397 1836 et
2451 1773 2838 1854 proponitur
2891 1782 3056 1835 tam-

662 1899 856 1960 quam
921 1877 1208 1942 medium
1271 1875 1760 1957 purificationis.
1870 1875 2020 1939 Hoc
2084 1876 2370 1940 medium
2433 1886 2532 1940 est
2597 1875 3052 1949 necessarium,

667 1981 830 2046 sicut
862 1980 1299 2044 necessarium
1330 1989 1426 2043 est
1460 1990 1533 2043 ut
1566 1979 1960 2043 conscientia
1992 1979 2075 2043 sit
2108 1980 2350 2042 munda
2383 1980 2825 2060 mundumque
2860 1980 3055 2044 sacri-

664 2082 901 2147 ficium.
998 2081 1129 2146 Sed
1179 2082 1494 2163 numquid
1545 2082 1760 2163 agitur
1810 2082 1915 2145 hic
1965 2083 2045 2145 de
2097 2082 2510 2146 confessione
2563 2081 3055 2146 sacramentali?

666 2186 819 2249 Non
860 2195 1011 2250 sunt
1051 2186 1403 2249 concordes
1445 2195 1741 2249 auctores
1785 2185 1955 2248 circa
1998 2185 2122 2249 hoc
2162 2195 2493 2267 punctum.
2539 2186 2818 2261 Etenim,
2863 2186 3054 2267 juxta

669 2287 1099 2363 Tixeront¹²²‚
1152 2287 1260 2350 illa
1311 2287 1661 2362 confessi0,
1716 2308 1865 2351 cum
1922 2288 2222 2351 facienda
2275 2289 2358 2352 sit
2413 2288 2522 2350 “in
2573 2288 2901 2363 ecclesia”,
2956 2273 3053 2352 est

660 2390 905 2471 aliquid
941 2390 1438 2471 quasi-officiale,
1477 2391 1749 2471 ideoque
1794 2390 2092 2454 facienda
2129 2401 2227 2454 est
2263 2411 2483 2456 coram
2519 2391 2819 2456 ministro
2857 2392 3054 2454 eccle-

664 2493 833 2568 siae;
888 2493 1081 2574 juxta
1141 2493 1545 2576 Tanquerey,
1603 2493 1734 2555 “nil
1791 2492 2089 2574 prohibet
2146 2493 2303 2573 quin
2359 2493 2661 2575 praefata
2716 2493 2914 2556 verba
2973 2493 3054 2556 de

664 2595 1077 2660 confessione
1129 2596 1577 2660 sacramentali
1632 2594 2240 2677 intelligantur”¹²³;
2292 2596 2501 2659 Pesch
2555 2595 2710 2658 citat
2763 2596 3054 2659 Didache

663 2718 784 2779 pro
836 2698 1251 2762 confessione
1307 2698 1776 2772 sacramentali,
1833 2698 2129 2779 quamvis
2185 2699 2478 2779 agnoscit
2533 2718 2665 2762 non
2718 2719 3052 2781 apparere,

663 2801 924 2865 “utrum
965 2800 1295 2865 confessio
1340 2801 1639 2864 facienda
1681 2801 1766 2865 sit
1807 2801 2176 2865 hominibus
2217 2821 2302 2864 an
2345 2802 2463 2866 soli
2510 2801 2818 2878 Deo'’¹²⁴;
2860 2802 3053 2884 juxta

662 2902 1127 2980 Pohle-PreuS,
1176 2903 1373 2967 citata
1424 2904 1620 2967 verba
1673 2903 1965 2967 Didache
2018 2904 2285 2985 intelligi
2336 2915 2608 2986 possunt
2661 2906 2743 2969 de
2793 2905 3053 2969 confes-

663 3005 842 3069 sione
881 3026 1100 3069 coram
1139 3006 1458 3081 ministro,
1497 3007 1794 3087 quamvis
1834 3007 2165 3070 character
2207 3008 2689 3072 sacramentalis
2729 3028 2862 3071 non
2901 3028 3052 3090 pro-

662 3107 849 3171 betur
890 3128 1007 3189 per
1050 3107 1225 3171 illam
1268 3109 1738 3184 auctoritatem,
1783 3109 1935 3191 quia
1978 3110 2122 3174 silet
2166 3111 2245 3174 de
2288 3109 2816 3187 absolutione²²⁵;
2859 3111 3051 3192 juxta

660 3210 925 3285 D'Ales,
971 3210 1301 3275 confessio
1349 3211 1458 3275 illa
1501 3223 1641 3275 erat
1683 3232 1807 3293 pro
1851 3213 2078 3294 primis
2123 3213 2492 3277 christianis
2536 3215 2710 3294 quod
2757 3224 2854 3277 est
2902 3235 3052 3277 con-

660 3311 822 3392 fieor
858 3315 1001 3377 Deo
1042 3313 1109 3375 in
1148 3314 1347 3377 missa
1386 3315 1651 3392 dictum,
1693 3315 1733 3378 i.
1775 3337 1849 3390 e.,
1891 3316 2210 3397 generalis
2251 3318 2570 3397 quaedam
2611 3317 3048 3381 confessio²²⁶.

663 3414 828 3479 Cum
870 3435 1025 3496 ergo
1067 3425 1363 3480 auctores
1404 3437 1537 3480 non
1580 3417 1708 3481 sint
1749 3419 2122 3493 concordes,
2165 3439 2283 3482 nec
2326 3419 2676 3483 auctoritas
2719 3420 2828 3483 illa
2872 3419 2938 3482 in
2982 3440 3050 3483 se

661 3517 834 3580 clara
889 3517 992 3592 sit,
1046 3519 1221 3600 quod
1276 3520 1507 3583 deduci
1562 3530 1795 3601 potest,
1853 3531 1925 3585 ut
1978 3521 2137 3584 mihi
2193 3522 2470 3596 videtur,
2527 3533 2625 3586 est
2682 3522 2839 3586 hoc:
2895 3532 3050 3587 tunc
3153 3521 3159 3528 ’

660 3620 970 3701 temporis
1001 3620 1293 3684 extitisse
1324 3623 1606 3704 aliquam
1639 3623 2121 3688 confessionem
2151 3634 2508 3701 externam,
2541 3645 2811 3707 eamque
2846 3625 3051 3690 fuisse

659 3723 1134 3786 consideratam
1177 3733 1509 3806 tamquam
1552 3727 2002 3790 necessariam.

744 3835 996 3900 Eodem
1047 3835 1243 3898 modo
1296 3814 1801 3915 interpretanda⁸
1833 3850 1974 3894 esse
2026 3830 2284 3894 videtur
2336 3831 2687 3895 auctoritas
2742 3831 3050 3912 epistolae

660 3937 963 4012 auctoris,
1003 3937 1095 4002 sic
1136 3936 1289 4000 dicti
1330 3934 1984 4008 Pseudo-Barnabae,
2024 3952 2172 3996 cum
2214 3942 2440 3996 auctor
2481 3933 2784 3997 adhibeat
2824 3934 3050 3997 eadem

659 4041 876 4114 verba,
916 4039 1202 4122 exceptis
1241 4039 1455 4103 verbis
1496 4038 1616 4100 “In
1657 4034 1984 4101 ecclesia’'.

743 4214 827 4253 120
848 4216 1047 4280 Rouet,
1082 4234 1133 4270 n.
1168 4215 1215 4269 3.

742 4281 823 4321 121
846 4284 985 4338 I·bid.
1021 4302 1073 4339 n.
1106 4285 1153 4338 8.
2711 4315 2718 4320 -
2984 4342 2996 4353 .

742 4350 825 4389 122
846 4352 1104 4408 Histoire
1131 4352 1199 4406 de
1229 4352 1495 4417 Dogmes,
1526 4351 1569 4406 1.
1598 4352 1681 4405 La
1709 4349 2020 4415 Theologie
2047 4347 2442 4410 Anteniceene,
2471 4363 2596 4414 pag.
2632 4345 2834 4410 149-51,
2865 4345 3046 4407 Paris,

659 4438 707 4475 a.
744 4421 886 4475 1905.

741 4487 825 4526 12³
844 4490 931 4544 De
970 4488 1205 4553 Poenit.,
1241 4504 1367 4554 pag.
1406 4489 1521 4543 539.

741 4557 826 4596 124
846 4560 1027 4615 Prael.
1065 4561 1286 4625 Dogm„
1322 4559 1433 4615 vol.
1471 4558 1605 4624 VII,
1644 4559 1707 4614 P.
1747 4559 1823 4624 11,
1860 4574 1985 4623 pag.
2027 4557 2138 4612 178.

742 4629 825 4668 125
845 4631 932 4686 De
971 4630 1205 4697 Poenit„
1244 4647 1368 4696 pag.
1408 4631 1524 4686 214.

742 4699 829 4738 12⁶
845 4701 1040 4757 Theol.
1085 4701 1154 4757 de
1199 4700 1450 4767 Tei-tull„
1492 4717 1620 4766 pag.
1666 4701 1782 4766 342,
1829 4699 1888 4754 in
1932 4708 2066 4756 nota
2110 4699 2159 4766 2,
2205 4698 2385 4765 Paris,
2435 4699 2580 4753 1908.
