3509 5267
578 531 699 594 112
876 530 977 594 De
1016 527 1071 594 C
1071 529 1314 593 lovium
1346 528 1701 594 Potestatis
1736 527 2108 601 Exi-scentia
2141 529 2358 610 Atque
2395 530 2673 595 Natura.

568 715 774 780 tentia
814 713 1418 797 pronuntiatur''¹¹⁸.
1504 711 1591 778 Et
1632 731 1715 777 ne
1756 711 1962 778 ullum
2005 724 2336 779 remaneat
2377 714 2647 779 dubium
2689 717 2771 781 de
2811 717 2966 782 cha-

574 828 821 882 ractere
874 816 1165 898 judiciali
1220 814 1665 891 absolutionis,
1722 835 1862 879 rem
1915 814 2247 882 definitive
2299 837 2377 882 ac
2433 817 2797 900 dogmatice
2850 819 2965 885 ab-

570 919 784 996 solvit,
826 919 1119 1002 sequenti
1158 938 1408 985 canone
1450 921 1487 980 9
1530 917 1840 984 sessionis
1884 917 2156 982 XXIV:
2239 917 2353 985 “S.
2397 941 2458 1002 q.
2503 921 2566 985 d.
2609 921 2964 1002 absolutio-

570 1042 721 1086 nem
770 1021 1301 1086 sacramentalem
1350 1020 1706 1086 sacerdotis
1756 1040 1890 1084 non
1938 1041 2082 1086 esse
2131 1031 2350 1087 actum
2401 1022 2775 1104 judicialem
2819 1074 2834 1089 .
2881 1075 2897 1090 .
2944 1076 2961 1091 .

570 1125 653 1188 A.
712 1123 1181 1190 S.”.-Ultimo
1234 1123 1519 1199 tandem,
1574 1123 1641 1186 in
1696 1121 1938 1189 Codice
1989 1123 2171 1206 Juris
2227 1123 2560 1202 Canonici,
2615 1146 2756 1192 can.
2815 1131 2961 1203 8¹70,

568 1227 756 1291 docet
810 1226 1100 1292 Ecclesia
1154 1236 1567 1308 peccatorum
1621 1226 2070 1292 remissionem
2122 1226 2414 1292 conferri
2472 1228 2630 1311 “per
2684 1229 2960 1312 judicia-

566 1327 694 1392 lem
730 1328 1263 1394 absolutionem”.

649 1438 705 1504 S
704 1439 763 1504 C
760 1439 834 1502 H
837 1438 997 1504 ΟΜ
999 1438 1133 1504 ΟΝ
1137 1440 1341 1505 .--De
1401 1439 1707 1504 tribunali
1765 1439 2198 1521 poenitentiae
2257 1449 2450 1521 atque
2511 1441 2591 1506 de
2653 1441 2960 1507 tribunali

564 1548 857 1617 externo,
898 1541 1181 1607 maxime
1223 1541 1414 1607 ciali.

647 1645 1017 1728 Utrumque
1056 1644 1340 1710 tribunal
1382 1645 1451 1708 in
1490 1665 1570 1710 eo
1609 1645 1913 1710 convenit
1954 1645 2130 1728 quod
2173 1645 2412 1711 adsunt
2453 1646 2726 1728 judices,
2767 1668 2955 1713 accu-

564 1760 833 1826 satores,
886 1758 1113 1823 testes,
1161 1748 1253 1812 rei
1306 1758 1503 1830 atque
1552 1768 1824 1824 causae;
1878 1747 2130 1829 judices
2182 1758 2486 1814 tenentur
2538 1770 2802 1814 causam
2855 1751 2957 1813 in-

562 1852 850 1926 stituere,
900 1850 1272 1933 justamque
1320 1850 1534 1915 dicere
1584 1851 1991 1916 sententiam.
2086 1850 2218 1916 Sed
2269 1851 2527 1916 differt:
2585 1853 2659 1932 1)
2720 1853 2955 1917 Poeni-

560 1953 763 2018 tentia
795 1963 893 2018 est
925 1953 1207 2018 tribunal
1244 1952 1570 2018 internum
1603 1973 1725 2035 pro
1763 1952 1914 2019 foro
1944 1953 2396 2029 conscientiae,
2432 1954 2609 2019 aliud
2643 1965 2742 2020 est
2776 1969 2961 2020 mer‘e

560 2065 940 2130 externum;
987 2055 1064 2134 2)
1116 2055 1514 2137 poenitentia
1556 2066 1656 2120 est
1698 2055 1943 2124 directe
1988 2056 2056 2120 in
2099 2056 2343 2121 bonum
2387 2057 2728 2134 individui,
2773 2057 2951 2123 aliud

559 2168 777 2223 autem
814 2169 913 2223 est
952 2157 1193 2223 directe
1230 2157 1299 2221 in
1336 2158 1579 2222 bonum
1620 2159 1982 2235 societatis:
2025 2159 2101 2238 3)
2152 2159 2560 2225 Poenitentia
2602 2160 2813 2224 reddit
2853 2160 2951 2224 in-

560 2249 925 2324 nocentiam
972 2259 1295 2342 peccatori
1344 2280 1622 2343 eumque
1667 2260 2002 2343 justificat,
2051 2261 2092 2327 i.
2141 2282 2220 2338 e.,
2268 2282 2418 2326 eum
2465 2263 2633 2345 facit
2679 2261 2950 2343 justum,

559 2362 737 2427 aliud
780 2382 938 2426 vero
985 2383 1167 2427 reum
1214 2363 1666 2428 tantummodo
1712 2363 1998 2429 declarat
2044 2364 2488 2441 innocentem;
2535 2365 2613 2444 4)
2673 2365 2751 2428 In
2796 2385 2950 2447 poe-

557 2465 829 2529 nitentia
868 2465 1206 2547 poenitens
1248 2465 1385 2548 ipse
1426 2467 1618 2530 simul
1660 2477 1760 2532 est
1802 2476 2160 2543 aecusator,
2205 2487 2354 2532 reus
2397 2478 2591 2550 atque
2630 2469 2835 2542 testis,
2881 2467 2950 2531 in

556 2567 701 2632 aliis
743 2577 961 2632 autem
999 2568 1429 2633 tribunalibus
1469 2570 1559 2632 ita
1601 2589 1732 2633 non
1774 2579 1893 2644 est,
1933 2579 2006 2634 ut
2046 2589 2274 2635 omnes
2314 2579 2574 2636 norunt.

1359 2752 1891 2819 ARTICULUS
1979 2752 2136 2818 VII.

1048 2870 1319 2926 clavium
1355 2878 1629 2938 potestas
1662 2878 1760 2926 est
1794 2878 2068 2942 potestas
2100 2871 2460 2928 necessaria.

643 3007 940 3072 Clavium
992 3007 1364 3072 charactere
1414 3003 1705 3087 judiciali
1761 3003 2060 3086 superius
2110 3004 2431 3086 exposito,
2485 3005 2570 3070 ad
2622 3005 2946 3087 complen-

556 3111 712 3174 durn
742 3121 806 3174 et
834 3108 1347 3174 concludendum
1380 3108 1666 3172 studium
1697 3108 1780 3171 de
1809 3105 2090 3171 clavium
2119 3116 2458 3190 potestate,
2489 3106 2724 3172 discuti
2758 3107 2946 3171 debet

554 3212 682 3276 alia
736 3211 1111 3276 earumdem
1163 3210 1442 3276 clavium
1497 3209 1797 3292 qualita5‚
1851 3231 1962 3298 sc„
2015 3209 2168 3290 ejus
2219 3209 2586 3274 necessitas.
2689 3210 2768 3272 In
2822 3208 2946 3273 hoc

553 3313 784 3378 ultimo
830 3313 1105 3379 articulo
1151 3312 1671 3394 investigandum
1718 3322 1838 3386 est,
1887 3321 2108 3376 utrum
2155 3320 2455 3393 peccator
2504 3321 2797 3376 teneatur
2846 3330 2944 3373 re·-

552 3436 815 3480 cursum
857 3415 1074 3481 facere
1112 3416 1197 3481 ad
1235 3416 1449 3480 claves
1488 3425 1560 3480 ut
1598 3424 2013 3498 peccatorum
2049 3414 2308 3478 veniam
2349 3414 2656 3490 obtineat,
2696 3435 2780 3478 an
2819 3413 2941 3495 ipsi

553 3517 827 3582 liberum
872 3526 1125 3582 tantum
1173 3518 1258 3583 sit
1301 3518 1681 3599 hujusmodi
1734 3517 1762 3579 f
1766 3537 1950 3582 acere
1998 3536 2351 3581 recursum.
2943 3579 2948 3582 .

638 3622 1102 3696 Protestantes‚
1170 3620 1462 3685 nonnulli
1528 3620 1757 3684 saltem
1826 3640 1912 3683 ex
1978 3618 2357 3700 Anglicanis
2422 3629 2488 3683 et
2557 3618 2940 3692 Ritualistis,

551 3733 773 3788 tenent
817 3723 975 3788 utile
1019 3744 1163 3788 esse
1210 3723 1296 3787 ad
1341 3723 1555 3794 claves
1606 3743 1958 3798 recurrere,
2008 3723 2124 3786 sed
2171 3742 2303 3786 non
2353 3721 2828 3797 necessarium;
2872 3731 2942 3786 at

550 3836 776 3890 contra
823 3835 921 3890 est
969 3825 1263 3890 doctrina
1310 3825 1626 3891 catholica
1672 3845 1839 3910 quae
1888 3825 1982 3889 sic
2027 3822 2307 3909 exprimi
2357 3833 2605 3906 potest:

634 3930 744 3993 Ad
791 3929 1050 3993 veniam
1094 3934 1507 4010 peccatorum
1557 3927 1974 3992 obtinendam
2020 3948 2152 3990 non
2204 3934 2456 3990 tantum
2504 3926 2659 3990 utile
2709 3935 2807 3990 est
2856 3927 2942 3989 ad

551 4034 764 4096 claves
799 4052 1151 4108 recurrere,
1186 4031 1302 4096 sed
1339 4031 1534 4120 etiam
1570 4030 2023 4120 necessa-ium·
2039 4029 2178 4094 sive
2212 4049 2286 4093 re
2324 4028 2462 4094 sive
2497 4030 2729 4094 saltem
2762 4035 2938 4092 voto,

633 4135 1051 4216 Explicatur:
1112 4132 1223 4214 (a)
1286 4133 1386 4196 De
1436 4132 1713 4197 utilitate
1764 4132 1941 4197 nulla
1991 4141 2090 4196 est
2139 4131 2453 4214 quaestio,
2506 4150 2654 4196 cum
2706 4139 2847 4194 tum
2899 4150 2940 4194 a

546 4237 881 4303 catholicis
938 4246 1079 4301 tum
1139 4257 1180 4299 a
1237 4235 1745 4317 protestantibus
1816 4234 2082 4316 (saltem
2141 4234 2224 4298 ab
2283 4232 2814 4298 eminentioribus
2873 4241 2940 4296 et

547 4338 949 4419 sanioribus)
998 4349 1406 4420 agnoscatur.

640 4441 755 4523 (b)
815 4441 1133 4523 Quaestio
1180 4450 1279 4504 est
1326 4441 1408 4504 de
1456 4440 1856 4504 necessitate.
1949 4439 2036 4503 Et
2082 4459 2233 4503 cum
2282 4437 2597 4502 catholica
2648 4435 2939 4500 Ecclesia

546 4545 897 4609 tenendum
943 4552 1042 4608 est
1090 4559 1425 4607 recursum
1469 4541 1652 4606 illum
1697 4539 2134 4624 necessarium
2179 4561 2323 4606 esse
2367 4550 2509 4604 tum
2556 4538 2936 4603 necessitate

627 4696 713 4735 ¹¹⁶
734 4696 873 4752 Ibid.
911 4698 957 4750 6.
