3509 5267
594 509 721 572 106
896 510 996 572 De
1034 508 1331 572 Clavium
1366 509 1721 572 Potestatis
1755 508 2128 572 Existentia
2158 508 2379 588 Atque
2416 509 2691 574 Natura.

592 694 895 777 loquitur.
977 692 1111 774 Qui
1148 713 1303 773 ergo
1339 691 1534 755 fidem
1572 690 1784 772 rejicit
1821 691 1889 754 in
1929 690 2262 755 Christum
2297 692 2460 755 bene
2497 702 2744 768 notum,
2783 714 2988 774 quan-

591 806 733 860 tum
762 796 1047 860 humana
1081 795 1401 876 fragilitas
1435 795 1605 868 sinit,
1636 794 1982 858 committit
2013 804 2348 875 peccatum
2381 795 2540 858 illud
2574 797 2658 858 ad
2689 805 2985 860 mortem.

676 899 1014 981 Quidquid
1056 899 1160 974 sit,
1203 909 1538 980 peccatum
1580 898 1739 961 illud
1784 899 1868 961 ad
1912 907 2186 961 mortem
2231 898 2670 962 irremissibile
2713 920 2844 963 non
2888 909 2987 963 est

590 1023 676 1066 ex
710 1003 974 1066 defectu
1003 1003 1341 1084 potestatis
1373 1002 1672 1076 clavium,
1706 1002 1820 1065 sed
1853 1023 1935 1064 ex
1969 1001 2232 1065 defectu
2267 1023 2381 1066 seu
2413 1003 2699 1065 carentia
2734 1003 2985 1066 debitae

594 1105 1036 1187 dispositionis
1095 1105 1162 1168 in
1218 1115 1575 1186 peccatore,
1633 1105 1883 1168 ratione
1941 1105 2238 1185 ejusdem
2301 1105 2702 1170 resistentiae
2760 1117 2985 1169 contra

592 1209 880 1273 divinam
944 1208 1695 1290 gratiam—Praeterea,
1763 1207 1829 1271 S.
1892 1209 2178 1289 Joannes
2240 1228 2372 1271 non
2436 1208 2591 1271 dicit
2651 1218 2986 1290 peccatum

592 1310 752 1375 illud
795 1312 879 1374 ad
923 1322 1199 1374 mortem
1244 1311 1682 1375 irremissibile
1726 1332 1889 1385 esse,
1936 1311 2049 1375 sed
2094 1313 2547 1376 tantummodo
2593 1313 2872 1376 declaret
2919 1313 2987 1374 in

591 1435 746 1478 casu
790 1435 921 1477 non
965 1414 1251 1496 obligare
1292 1423 1707 1495 praeceptum
1754 1415 1985 1478 orandi
2026 1435 2147 1496 pro
2189 1415 2513 1496 proximo,
2557 1415 2720 1478 “Est
2762 1437 2985 1497 pecca-

589 1527 731 1581 tum
778 1518 861 1581 ad
908 1527 1203 1592 mortem,
1250 1538 1382 1581 non
1429 1538 1549 1598 pro
1596 1517 1705 1581 illo
1753 1517 1918 1591 dico,
1969 1528 2042 1581 ut
2088 1527 2272 1598 royet
2320 1517 2528 1599 quis'',
2577 1520 2667 1583 ait
2716 1519 2988 1582 dilectus

593 1620 987 1701 DiscipuluS,
1034 1620 1074 1684 i.
1121 1641 1197 1694 e.,
1247 1620 1529 1684 declarat
1575 1631 1981 1701 peccatorem
2025 1621 2155 1685 tale
2199 1631 2534 1702 peccatum
2581 1621 2986 1684 committen-

589 1732 721 1786 tem
757 1723 1031 1802 publicis
1067 1722 1394 1786 Ecclesiae
1434 1723 1768 1804 suffragiis
1804 1723 2133 1805 privatum
2171 1744 2312 1788 esse
2363 1722 2564 1805 (sicut
2602 1723 2796 1788 hodie
2835 1733 2988 1788 sunt

590 1826 1169 1906 excommunicati)
1242 1836 1508 1907 propter
1569 1827 1813 1908 peccati
1880 1827 2350 1890 enormitatem.
2440 1826 2570 1890 Sed
2634 1827 2792 1889 haec
2853 1825 2987 1907 pri-

592 1929 769 1992 vatio
818 1939 1011 2010 atque
1061 1929 1221 1994 haec
1268 1930 1544 1993 cessatio
1593 1929 2005 2011 obligationis
2056 1930 2286 1994 orandi
2339 1931 2651 2012 perdurat
2701 1939 2987 1993 tantum-

591 2032 809 2106 mode,
867 2053 1071 2112 usque
1128 2033 1284 2095 dum
1340 2043 1640 2113 peccator
1697 2033 1803 2096 ille
1861 2053 2045 2096 suam
2106 2033 2370 2115 deponit
2429 2053 2700 2115 pravam
2756 2033 2986 2096 volun-

592 2144 810 2209 tatem,
846 2155 973 2214 qua
1010 2135 1322 2217 deposita,
1358 2135 1593 2199 iterum
1627 2147 1926 2216 peccator
1964 2136 2068 2200 ille
2105 2136 2466 2199 membrum
2504 2136 2726 2199 vivum
2766 2135 2987 2199 Eccle-

592 2237 725 2300 siae
756 2237 977 2318 incipit
1009 2259 1169 2313 esse‚
1202 2238 1474 2320 ideoque
1506 2239 1740 2302 iterum
1775 2260 1984 2320 capax
2015 2249 2113 2303 est
2143 2238 2603 2303 beneficiorum
2638 2238 2984 2302 Ecclesiae.

595 2338 891 2403 Clavium
927 2361 1081 2421 ergo
1113 2351 1401 2422 potestas
1436 2342 1675 2405 intacta
1710 2352 2017 2404 remanet.
2097 2341 2320 2423 Quare
2355 2363 2473 2405 nec
2500 2341 2666 2405 haec
2703 2341 2986 2422 objectio

590 2443 761 2505 valet
800 2443 1044 2524 aliquid
1083 2454 1309 2509 contra
1348 2444 1627 2509 clavium
1668 2445 2240 2509 universalitatem.

676 2552 761 2616 N.
806 2553 1396 2618 B.-Difficultates
1438 2575 1634 2635 supra
1677 2555 1916 2617 relatae
1961 2565 2110 2618 sunt
2152 2555 2536 2636 praecipuae
2580 2555 2986 2618 difficultates

591 2675 676 2717 ex
719 2655 938 2719 divina
984 2655 1321 2737 Scriptura
1363 2658 1776 2738 desumptae;
1820 2667 2013 2738 atque
2058 2657 2410 2721 solutiones
2456 2658 2643 2721 datae
2689 2667 2838 2720 sunt
2881 2676 2986 2719 so·-

592 2757 869 2821 lutiones
907 2758 1335 2822 communiter
1370 2781 1408 2822 a
1446 2760 1577 2824 ΡΡ.
1615 2770 1678 2823 et
1712 2760 2030 2840 theologis
2066 2760 2541 2841 propositae¹⁰².

676 2863 783 2925 Ex
850 2862 1227 2942 hujusmodi
1296 2862 1743 2937 solutionibus,
1811 2862 1934 2926 hoc
1999 2863 2390 2942 principium
2454 2883 2687 2943 reyens
2753 2862 2983 2925 deduci

591 2975 837 3047 potest:
893 2974 1229 3045 peccatum
1284 2965 1404 3028 hoc
1460 2974 1557 3029 est
1610 2965 2071 3041 irremissibile,
2128 2965 2284 3028 dicit
2338 2965 2590 3046 aliquiS.
2691 2965 2984 3045 Respon-

594 3069 783 3132 deas:
837 3068 1020 3131 dist.:
1076 3079 1173 3132 est
1226 3067 1665 3132 irremissibile
1719 3089 1804 3131 ex
1860 3068 2124 3132 defectu
2179 3069 2475 3145 clavium,
2532 3069 2715 3148 quasi
2770 3069 2984 3131 claves

593 3171 683 3233 nil
736 3171 987 3252 possint
1042 3191 1236 3252 super
1287 3181 1622 3252 peccatum
1674 3171 1854 3246 illud,
1909 3192 2088 3252 neg.;
2141 3182 2239 3236 est
2293 3171 2751 3247 irremissibile,
2808 3171 2847 3234 i.
2906 3192 2982 3246 e.,

594 3274 867 3337 remissu
908 3274 1096 3338 valde
1139 3273 1415 3348 difficile,
1455 3284 1721 3357 propter
1763 3274 2094 3338 defectum
2138 3275 2388 3338 debitae
2433 3261 2874 3354 dispositionis
2915 3272 2982 3336 in

591 3385 946 3455 peccatore,
994 3387 1334 3458 quatenus,
1381 3399 1487 3453 sc.,
1534 3377 1948 3458 pertinaciter
1992 3378 2238 3458 gratiae
2285 3378 2547 3453 resistit,
2593 3397 2770 3441 conc.

1163 3546 1251 3608 II.
1339 3545 1762 3610 Difficultates
1801 3567 1884 3610 ex
1921 3545 2044 3611 SS.
2083 3546 2408 3612 Patribus.

677 3671 915 3753 Quoad
947 3671 1353 3735 difficultates
1383 3693 1467 3734 ex
1502 3671 1620 3736 SS.
1655 3671 1959 3736 Patribus
1992 3673 2364 3755 desumptas
2397 3695 2543 3737 cum
2575 3674 2651 3737 cl.
2683 3675 2980 3737 Pesch¹⁰²

592 3785 811 3838 notes:

677 3876 792 3955 “a)
844 3877 1072 3941 Patres
1114 3877 1489 3958 simpliciter
1531 3888 1831 3958 repetunt
1869 3879 2066 3941 verba
2109 3878 2482 3959 Scripturae
2523 3900 2720 3960 supra
2761 3880 2983 3954 relata,

588 3999 721 4062 quo
755 3980 822 4042 in
858 4000 1012 4043 casu
1048 3980 1394 4061 explicatio
1431 3980 1571 4061 jam
1606 3982 1941 4062 proposita
1977 3992 2072 4044 est
2108 3981 2492 4046 adhibenda.

675 4085 753 4164 b)
818 4086 1153 4148 Interdum
1205 4085 1509 4150 historice
1562 4096 1816 4149 tantum
1870 4084 2166 4148 referunt
2217 4084 2536 4167 quaedam
2587 4093 2849 4166 peccata
2903 4084 2983 4146 de

597 4187 774 4252 facto
813 4209 945 4251 non
988 4188 1248 4263 remitti,
1291 4209 1423 4252 non
1462 4199 1729 4270 propter
1773 4187 2102 4251 defectum
2145 4187 2482 4269 potestatis
2527 4187 2824 4259 clavium,
2869 4185 2984 4249 sed

591 4290 746 4372 quia
795 4291 957 4353 tales
1008 4300 1379 4373 peccatores
1432 4311 1563 4354 non
1617 4301 1768 4354 sunt
1823 4290 2119 4372 dispositi
2172 4290 2256 4354 ad
2310 4290 2742 4371 recipiendam
2797 4288 2984 4351 abso-

590 4393 924 4456 lutionem.

675 4544 757 4583 1⁰1
779 4545 903 4601 cfr.
945 4564 997 4601 v.
1039 4564 1108 4612 g.,
1151 4547 1385 4611 Hurter,
1428 4545 1624 4602 Theol.
1670 4546 1845 4612 spec„
1887 4554 2020 4602 tom.
2064 4546 2170 4612 ΙΙΙ,
2215 4545 2510 4610 CCXLII;
2557 4543 2754 4608 Pesch,
2797 4542 2982 4598 Prael.

591 4615 964 4737 D⁰ffi¹ss¹1³r22¹12
992 4616 1225 4748 {321ss
1263 4616 2138 4749 {k1.¹’tsg11}51³2.T1²i¹,¹‘¹13¹5gsff³y252.¹³²
2175 4616 2409 4680 ¹³⁰⁶¹²³‘·’
2445 4633 2497 4668 ¹¹·
2533 4616 2612 4668 32·
