3509 5267
1665 565 2025 647 Praefatio.

657 754 831 836 quod
891 753 1284 817 “secundam
1339 761 1487 833 post
1545 749 1967 831 naufragium
2026 749 2399 832 deperditae
2456 748 2703 831 gratiae
2760 749 3059 813 tabulam

661 856 882 921 Sancti
921 856 1148 919 Patres
1184 865 1332 937 apte
1367 852 1866 935 nuncuparunt”
1915 852 2148 933 (Cone.
2186 852 2390 927 Trid„
2430 872 2584 916 sess,
2628 856 2684 925 6,
2721 872 2859 934 cap.
2902 850 3055 929 14).

744 966 843 1028 De
899 965 1020 1028 hac
1078 963 1358 1027 secunda
1413 962 1633 1026 tabula
1689 962 2007 1026 disserere
2067 961 2423 1024 intenditur
2479 961 2603 1025 hoc
2661 961 2727 1023 in
2786 961 3055 1041 script0.

663 1068 816 1131 Non
861 1076 1078 1129 tamen
1127 1067 1208 1129 de
1256 1074 1392 1129 tota
1438 1064 1710 1129 materia
1756 1064 2093 1128 tractaturi
2144 1085 2387 1137 summ,
2436 1064 2550 1127 sed
2597 1064 3057 1127 tantummodo

659 1171 1058 1249 studebimus
1100 1168 1403 1250 potestati
1448 1169 1843 1243 remissivae,
1888 1190 2001 1233 seu
2049 1167 2477 1232 CLAVIUM
2527 1165 3053 1230 POTESTATI

660 1296 698 1337 a
755 1274 1016 1339 Christo
1070 1273 1354 1337 Domino
1408 1282 1631 1337 nostro
1687 1272 1926 1336 sanctis
1981 1271 2315 1353 Apostolis
2372 1270 2641 1335 collatae
2696 1288 3056 1351 eorumque

660 1377 1155 1442 successoribus.

746 1486 894 1551 Hoc
936 1486 1003 1549 in
1047 1487 1262 1551 studio
1303 1486 1697 1567 perficiendo
1745 1486 1811 1550 S.
1860 1486 2285 1568 Scripturam,
2330 1504 2581 1549 sacram
2627 1493 2689 1547 et
2736 1504 3055 1546 veneran-

661 1591 810 1654 dam
851 1590 1298 1655 Traditionem
1339 1610 1702 1671 sequemur,
1743 1610 1875 1654 non
1916 1589 2254 1671 despectiS,
2296 1589 2493 1651 immo
2535 1587 2750 1667 magni
2793 1586 3053 1658 habitis,

663 1694 910 1758 ratione
959 1704 1151 1775 atque
1197 1694 1580 1758 auctoritate
1630 1693 1951 1767 humaniS,
2002 1692 2056 1756 si
2106 1693 2318 1756 locum
2368 1691 2604 1754 habere
2652 1689 2922 1772 possint.

745 1802 987 1866 Omnia
1032 1802 1466 1884 subjiciuntur
1510 1803 1575 1866 S.
1623 1798 1700 1865 R.
1748 1803 2073 1866 Ecclesiae
2120 1801 2443 1865 infallibili
2490 1799 2753 1881 judicio.

747 1911 1006 1975 Gratias
1056 1933 1250 1993 quam
1302 1912 1614 1993 plurimas
1669 1913 1888 1976 refero
1940 1912 2238 1976 omnibus
2288 1933 2363 1975 ac
2416 1910 2683 1991 singulis
2733 1906 3052 1989 personiS,

662 2036 825 2095 quae
884 2015 1040 2079 mihi
1099 2016 1407 2095 juvamen
1466 2017 2067 2097 quomodocumque
2126 2015 2608 2097 praestiterunt,
2668 2010 3051 2094 praesertim

663 2139 807 2182 meo
859 2119 1092 2183 dilecto
1142 2130 1334 2201 atque
1385 2120 1461 2183 cl.
1517 2120 1890 2183 Professori
1946 2120 2053 2183 Fr.
2106 2118 2391 2200 Josepho
2445 2115 2783 2195 Kennedy,
2836 2114 2919 2177 O.
2976 2113 3049 2175 P.

666 2221 730 2285 S.
770 2222 846 2285 T.
889 2222 983 2285 M.
