3509 5267
888 528 987 590 De
1030 527 1327 590 clavium
1360 527 1714 590 Potestatis
1749 527 2121 590 Existentia
2155 528 2373 607 Atque
2406 529 2684 592 Natura.
2904 531 2987 592 99

682 711 754 792 5)
797 711 867 777 S.
904 711 1267 794 Cyprianus
1299 732 1523 774 omnes
1556 711 1772 792 lapsos
1805 711 1942 774 sine
1976 711 2108 774 ulla
2140 711 2538 792 exceptione,
2572 713 2870 776 hortatur
2901 713 2986 777 ad

593 815 1056 896 poenitentiam
1123 824 1186 877 et
1254 813 1768 877 confessionem:
1862 813 2353 878 “Confiteantur
2421 815 2676 895 singuli,
2745 836 2986 896 quaeso

594 938 731 992 VOS,
776 917 1014 980 fratres
1057 916 1476 990 dilectissimi,
1518 917 1823 980 delictum
1865 937 2074 991 suum,
2117 918 2272 980 dum
2314 918 2525 981 adhuc
2564 919 2675 999 qui
2719 918 2986 1000 deliquit

593 1020 662 1082 in
696 1020 951 1083 saeculo
985 1029 1102 1094 est,
1137 1020 1293 1083 dum
1325 1019 1578 1082 admitti
1614 1019 1945 1083 confessio
1980 1021 2125 1101 ejus
2159 1030 2393 1101 potest,
2429 1021 2586 1084 dum
2621 1022 2985 1085 satisfactio

595 1133 659 1185 et
700 1122 995 1186 remissio
1049 1122 1300 1203 (facta)
1352 1143 1469 1205 per
1512 1123 1879 1186 sacerdotes
1923 1123 2096 1203 apud
2141 1124 2496 1187 Dominum
2540 1134 2724 1205 grata
2769 1125 2984 1188 est”⁸⁸.

597 1224 726 1288 Sed
761 1225 927 1288 hanc
960 1225 1393 1288 hortationem
1428 1245 1782 1306 numquam
1823 1226 2104 1300 fecisset,
2141 1227 2194 1290 si
2231 1236 2522 1307 putasset
2557 1227 2836 1290 clavium
2871 1248 2986 1308 po-

592 1337 893 1391 testatem
940 1327 1279 1391 limitatam
1333 1327 1556 1391 fuisse.
1650 1328 2016 1408 Ergo.—-In
2064 1329 2335 1409 epistola
2387 1333 2485 1403 55,
2534 1329 2618 1391 ad
2667 1329 2986 1393 Antonia-

594 1451 771 1504 num,
824 1430 889 1494 S.
942 1430 1201 1511 Martyr
1250 1430 1475 1494 statuit
1521 1451 1559 1493 a
1609 1431 1895 1495 Domino
1944 1431 2099 1512 “per
2149 1431 2515 1495 sacerdotes
2565 1431 2711 1511 ejus
2761 1451 2986 1512 pacem

594 1553 783 1620 posse
818 1533 1144 1608 concedi”,
1179 1543 1371 1614 atque
1405 1544 1553 1614 post
1589 1544 1864 1597 mortem
1901 1534 2407 1615 exomologesim
2444 1554 2574 1596 non
2613 1554 2773 1609 esse,
2809 1533 2985 1596 ideo-

594 1655 717 1717 que
755 1635 893 1698 vult
931 1647 1003 1699 ut
1040 1656 1191 1699 vere
1226 1636 1629 1717 poenitentes
1668 1637 1735 1698 in
1772 1637 2107 1700 ecclesiam
2145 1637 2604 1700 admittantur:
2688 1636 2983 1717 “Quodsi

595 1737 1417 1819 invenimus,—inquit,—a
1459 1740 1856 1820 poenitentia
1900 1739 2150 1820 agenda
2195 1740 2518 1803 neminem
2561 1739 2792 1803 debere
2819 1759 2985 1820 xpro-

593 1842 798 1906 hiberi
834 1854 897 1906 et
934 1844 1425 1925 deprecantibus
1462 1855 1655 1926 atque
1691 1845 2112 1909 exorantibus
2151 1846 2417 1908 Domini
2453 1846 2985 1919 misericordiam,

596 1949 949 2012 secundum
997 1950 1171 2030 quod
1220 1950 1325 2012 ille
1373 1950 1738 2014 misericors
1788 1961 1852 2014 et
1897 1951 2044 2032 pius
2091 1961 2209 2027 est,
2257 1971 2374 2033 per
2423 1952 2789 2015 sacerdotes
2837 1951 2983 2032 ejus

593 2074 817 2134 pacem
869 2075 1060 2135 posse
1112 2055 1395 2129 concedi,
1450 2056 1890 2119 admittendus
1942 2067 2040 2119 est
2091 2057 2535 2138 plangentium
2588 2057 2864 2137 gemitus
2921 2066 2984 2118 et

592 2160 1023 2239 poenitentiae
1065 2160 1319 2224 fructus
1358 2161 1720 2225 dolentibus
1758 2183 1890 2225 non
1927 2172 2024 2226 est
2059 2163 2414 2242 negandus,
2499 2163 2584 2226 Et
2622 2163 2772 2243 quia
2810 2163 2983 2243 apud

594 2264 844 2328 inferos
888 2265 1217 2329 confessio
1262 2286 1393 2328 non
1437 2277 1552 2342 est,
1598 2287 1715 2330 nec
1763 2267 2234 2348 exomologesis
2280 2267 2419 2330 fieri
2465 2277 2696 2348 potest,
2743 2269 2852 2348 qui
2900 2289 2984 2330 ex

590 2376 730 2430 toto
763 2368 957 2431 corde
989 2368 1425 2448 poenituerint
1460 2379 1523 2432 et
1559 2370 1950 2450 rogaverint,
1986 2370 2053 2432 in
2088 2371 2423 2433 ecclesiam
2458 2371 2689 2434 debent
2727 2369 2984 2433 interim

596 2471 832 2551 suscipi
885 2480 948 2533 et
1000 2471 1067 2533 in
1118 2471 1403 2534 Domino
1454 2471 1834 2535 reservari”.
1928 2473 2132 2552 Juxta
2187 2471 2253 2536 S.
2311 2472 2728 2553 Cyprianum,
2787 2472 2983 2553 recipi

592 2576 828 2639 debent
870 2598 1021 2640 vere
1066 2577 1486 2657 poenitentes,
1579 2576 1708 2640 Sed
1754 2597 1887 2640 non
1931 2577 2186 2639 adesset
2232 2575 2609 2656 hujusmodi
2657 2574 2983 2655 obligatiO,

594 2678 648 2741 si
686 2679 974 2742 Ecclesia
1009 2700 1140 2742 non
1175 2689 1393 2760 posset
1429 2679 1763 2743 absolvere
1798 2680 1878 2742 ab
1915 2679 2089 2742 omni
2127 2688 2408 2760 peccato,
2491 2677 2772 2740 Praelati
2812 2677 2984 2740 enim

556 2781 807 2844 ‚dicere
840 2791 1138 2862 possent:
1175 2783 1496 2856 volumuS,
1531 2783 1645 2846 sed
1680 2803 1813 2845 non
1845 2802 2211 2863 possumus

682 2916 754 2997 6)
813 2917 1130 2998 Oriyenes
1172 2919 1365 2981 etiam
1409 2919 1680 2982 nescivit
1724 2919 1922 2981 ullam
1967 2918 2245 2981 clavium
2291 2917 2779 2981 restrictionem.
2869 2915 2985 2978 Ait

594 3006 801 3086 enim:
899 3023 1187 3087 “Utilem
1240 3044 1381 3088 esse
1434 3034 1581 3105 post
1635 3034 2153 3105 quantacumque
2207 3032 2468 3104 peccata
2522 3021 2984 3104 poenitentiam

594 3128 889 3203 sciemus,
948 3140 1023 3192 ut
1076 3139 1531 3211 praeterquam
1587 3130 1763 3210 quod
1821 3130 2249 3211 plurimorum
2313 3128 2678 3191 facinorum
2737 3147 2982 3209 poenae

593 3254 723 3296 non
771 3235 1042 3322 luemus,
1088 3235 1302 3316 aliqua
1348 3235 1543 3298 etiam
1592 3255 1737 3316 spes
1785 3255 1906 3315 pro
1951 3235 2112 3298 bene
2158 3234 2390 3297 deinde
2437 3233 2634 3314 gestis
2683 3233 2981 3313 supersit,

570 3339 843 3403 ‚etiamsi
882 3349 1151 3402 sexenta
1187 3340 1367 3421 prius
1406 3339 1651 3421 flagitia
1691 3340 1976 3403 admissa
2015 3338 2556 3403 sint'’⁸4.—Docet
2595 3338 2984 3401 adulterium

594 3463 708 3524 per
773 3444 1236 3526 poenitentiam
1300 3445 1566 3526 purgari
1633 3465 1858 3526 posse;
1925 3456 1990 3508 et
2055 3443 2316 3526 quidem
2385 3427 2544 3506 non⁴
2581 3427 2801 3517 semel,
2870 3441 2983 3504 sed

593 3545 871 3628 pluries:
956 3550 1196 3630 “Apud
1236 3550 1623 3614 christianos
1664 3551 1717 3613 si
1760 3550 2149 3612 adulterium
2194 3549 2394 3612 fuerit
2434 3549 2811 3622 admissum,
2854 3568 2986 3611 non

599 3664 694 3717 est
746 3665 1181 3735 praeceptum,
1236 3664 1309 3718 ut
1360 3655 1614 3718 adulter
1640 3682 1643 3687 ·
1665 3655 1768 3718 vel
1825 3655 2119 3718 adultera
2173 3654 2492 3735 corporali
2550 3653 2813 3716 interitu
2866 3673 2985 3733 pu-

595 3759 859 3823 niantur
905 3810 918 3823 .
939 3805 947 3840 3
968 3809 981 3823 .
1030 3810 1043 3823 .
1128 3760 1320 3823 Nunc
1377 3780 1509 3823 non
1566 3759 1852 3822 infertur
1907 3779 2117 3841 poena
2175 3758 2452 3839 corpori,
2510 3778 2628 3821 nec
2684 3756 2986 3839 purgatio

594 3865 838 3942 peccati
908 3885 1023 3946 per
1090 3865 1424 3946 corporale
1494 3865 1882 3946 supplicium
1949 3874 2221 3938 constat,
2291 3863 2405 3927 sed
2472 3882 2588 3944 per
2655 3863 2986 3943 poeniten-

598 3968 754 4032 tiam
802 4019 815 4033 .
863 4018 878 4033 .
927 4019 940 4033 .
1002 3968 1229 4050 'Quod
1278 3970 1332 4034 si
1380 3971 1632 4050 aliquis,
1678 3970 1788 4050 qui
1841 3970 2014 4033 forte
2059 3979 2449 4050 praeventus
2498 3979 2594 4032 est
2643 3969 2710 4031 in
2758 3967 2986 4048 hujus-

598 4074 772 4136 modi
806 4075 1106 4155 peccatis,
1143 4075 1513 4138 admonitus
1551 4096 1723 4138 nunc
1758 4076 1956 4138 verbo
1993 4075 2137 4148 Dei,
2173 4075 2258 4137 ad
2293 4073 2610 4137 auxilium
2647 4072 2987 4153 confugiat

594 4179 1047 4257 poenitentiae,
1095 4190 1186 4255 ut,
1237 4181 1453 4255 semel,
1503 4180 1784 4255 admisit,
1836 4180 2118 4243 secundo
2169 4199 2300 4241 non
2354 4178 2554 4242 faciat
2600 4189 2732 4253 aut,
2782 4178 2837 4242 si
2889 4197 2987 4240 se-

595 4283 810 4347 cundo
843 4294 955 4347 aut
990 4285 1184 4347 etiam
1218 4284 1410 4348 tertio
1443 4295 1832 4365 praeventus
1867 4293 1982 4360 est,
2019 4285 2189 4347 ultra
2223 4303 2355 4346 non
2389 4282 2702 4346 addat''⁸⁵.

682 4402 789 4463 Ex
832 4403 1173 4484 exscriptis
1218 4424 1373 4484 ergo
1419 4414 1595 4484 patet
1638 4425 1761 4485 pro
1807 4403 2092 4485 Origene
2138 4424 2268 4466 non
2313 4402 2609 4466 adfuisse
2652 4411 2988 4483 peccatum

596 4506 859 4586 aliquod
902 4508 1358 4572 irremissibile.
1695 4506 1700 4509 ’

682 4689 842 4746 8⁸De
876 4692 1089 4758 Lapsis,
1124 4710 1241 4759 cap.
1277 4693 1357 4746 29.
1483 4691 1638 4749 8⁴¹¹M.
1680 4694 1744 4749 P.
1781 4695 1864 4761 13,
1908 4695 2052 4749 1178.
2279 4693 2493 4748 ⁸⁵1bid.
2534 4695 2610 4758 12,
2649 4693 2762 4748 532.
