3509 5267
458 540 540 604 44
764 541 866 604 De
902 538 1201 605 clavium
1233 539 1587 605 Potes-tatis
1622 540 1993 605 Existentia
2026 541 2245 623 Atque
2282 543 2561 610 Natura.

460 714 601 777 vult
646 712 815 777 filios
861 731 1016 777 suos
1062 712 1146 776 ad
1194 711 1402 794 ipsam
1449 711 1931 776 confessionem
1977 714 2413 796 peragendam
2463 717 2854 799 obliqua.—

463 816 809 881 Mortimer
862 826 995 881 tres
1049 815 1312 880 adducit
1372 815 1620 881 formas
1675 816 2135 881 absolutionis:
2232 819 2459 883 Prima
2510 830 2629 897 est,
2685 842 2850 903 quae

457 921 785 985 invenitur
816 920 884 984 in
918 921 1270 995 Matutine,
1299 940 1496 1002 quam
1530 920 1685 985 dicit
1717 922 2210 987 declaratoriam
2243 933 2532 1000 tantum:
2564 928 2850 990 secunda

457 1035 574 1102 est,
614 1045 779 1107 quae
818 1025 1144 1089 invenitur
1184 1025 1250 1088 in
1292 1025 1604 1107 Liturgia‚
1647 1046 1918 1108 eamque
1958 1027 2115 1091 dicit
2151 1028 2617 1109 precatoriam:
2660 1030 2849 1095 tertia

456 1138 575 1204 est,
628 1150 793 1211 quae
843 1129 1171 1193 invenitur
1222 1129 1289 1192 in
1342 1129 1576 1195 Officio
1631 1129 2041 1196 Visitationis
2094 1130 2521 1208 infirmorum,
2576 1153 2847 1216 eamque

456 1233 612 1297 dicit
655 1234 1032 1315 judicialem
1075 1244 1142 1297 et
1182 1237 1733 1299 sacramentalem.

539 1336 738 1419 Quod
783 1337 1129 1401 Mortimer
1168 1337 1324 1417 dicit
1365 1339 1536 1413 circa
1579 1340 1837 1403 tertiam
1880 1339 2165 1404 formam
2206 1339 2363 1405 mihi
2404 1341 2664 1406 videtur
2704 1362 2845 1406 esse

455 1441 658 1523 ipsius
705 1442 926 1523 opinio
972 1443 1351 1524 personalis,
1400 1454 1463 1507 et
1510 1464 1643 1507 non
1687 1444 2049 1509 communis
2098 1445 2392 1509 doctrina
2439 1446 2607 1509 inter
2654 1446 2845 1527 Epis·

452 1546 841 1627 copalianos.
930 1547 1016 1610 Et
1058 1548 1180 1611 hoc
1224 1548 1506 1611 deduco:
1555 1548 1628 1629 1)
1681 1568 1767 1611 ex
1808 1547 2275 1624 conaminibuS,
2320 1569 2506 1631 quae,
2550 1549 2669 1614 loc.
2714 1550 2842 1625 cit..

457 1651 802 1714 Mortimer
863 1650 1021 1715 iacit
1075 1651 1423 1715 reducendi
1479 1673 1632 1717 suos
1686 1653 1965 1735 collegas
2020 1653 2104 1717 ad
2160 1653 2491 1734 antiquam
2546 1654 2806 1736 praxim
2820 1675 2841 1744 3

454 1754 529 1833 2)
574 1776 660 1818 ex
695 1776 774 1819 eo
810 1755 1005 1837 quod,
1045 1756 1239 1819 ceteri
1279 1756 1757 1839 Episcopaliani
1798 1778 1930 1821 non
1967 1769 2327 1839 agnoscunt
2364 1768 2840 1823 sacramentum

450 1860 884 1941 poenitentiae
937 1870 1270 1941 tamquam
1327 1871 1802 1926 sacramentum
1860 1862 2218 1944 Evangelii,
2276 1863 2316 1927 i.
2374 1883 2451 1939 e.,
2507 1872 2838 1943 tamquam

450 1984 490 2027 a
565 1963 827 2027 Christo
900 1964 1183 2027 Domino
1258 1965 1644 2029 institutum.
1765 1966 1914 2030 Hoc
1987 1966 2290 2031 ultimum
2360 1965 2602 2047 optime
2679 1967 2837 2029 Rev.

449 2068 762 2149 Aloysius
801 2069 1052 2132 Joshua
1092 2070 1408 2150 Dodyson
1453 2071 1755 2153 Bradley,
1800 2080 1991 2135 antea
2032 2070 2452 2152 Anglicanus,
2495 2071 2727 2153 probat
2771 2071 2837 2133 in

448 2192 568 2237 suo
606 2172 962 2254 Opuscu10,
1001 2173 1106 2235 “A
1145 2174 1376 2238 Gentle
1414 2174 1986 2250 Remonstrance”,
2025 2196 2162 2257 cap.
2205 2176 2399 2250 VIII,
2440 2176 2547 2239 Fr.
2590 2176 2837 2250 Pustet,

452 2278 630 2339 1879.
717 2275 792 2354 3)
843 2276 1138 2340 Tandem
1181 2297 1266 2340 ex
1303 2278 1627 2359 personali
1669 2278 2119 2359 inquisitione:
2161 2280 2398 2343 multos
2442 2278 2837 2359 interrogavi

447 2377 980 2460 Episcopalianos
1025 2379 1146 2442 hac
1190 2379 1270 2442 de
1316 2400 1404 2453 re,
1447 2389 1643 2462 atque
1686 2401 1913 2444 omnes
1957 2402 2089 2445 uno
2134 2401 2245 2444 ore
2290 2381 2447 2443 mihi
2492 2381 2833 2446 dixerunt:

447 2482 614 2546 “We
653 2483 738 2546 do
776 2493 890 2546 not
928 2482 1092 2547 have
1131 2483 1569 2547 confession.”

532 2587 778 2667 Itaque,
831 2587 885 2651 si
936 2587 1334 2669 poenitentia
1383 2609 1515 2652 non
1565 2599 1664 2653 est
1715 2599 2192 2653 sacramentum
2243 2610 2283 2652 a
2339 2588 2599 2653 Christo
2652 2589 2833 2652 insti-

445 2700 677 2767 tutum,
736 2691 1384 2774 Episcopalianorum
1441 2692 1784 2767 absolutiO,
1840 2694 1895 2757 si
1954 2693 2303 2774 quamdam
2362 2692 2833 2774 impertiantur,

443 2796 926 2859 sacramentalis
966 2816 1108 2861 esse
1148 2817 1279 2860 non
1318 2806 1550 2878 potest.

527 2898 603 2978 4)
658 2899 749 2963 H.
797 2899 868 2963 C.
913 2899 1049 2963 Lea
1093 2901 1296 2963 multa
1339 2909 1564 2963 contra
1610 2899 2056 2964 Poenitentiae
2100 2909 2575 2965 sacramentum
2618 2899 2830 2965 habet.

446 3002 576 3066 Sed
617 3003 696 3066 de
738 3024 816 3067 eo
856 3013 1084 3085 agetur
1124 3003 1192 3067 in
1231 3005 1508 3068 decursu
1549 3003 2042 3068 dissertationis,

537 3105 643 3187 (f)
709 3108 790 3169 M
794 3108 1270 3171 odernistarum
1323 3118 1686 3171 commenta
1746 3106 1815 3172 S.
1874 3107 2191 3171 Pontifex
2244 3108 2408 3173 Pius
2463 3108 2530 3171 X
2533 3110 2605 3183 ²⁰,
2662 3107 2833 3171 circa

440 3211 922 3292 poenitentiam,
979 3212 1076 3275 sic
1123 3213 1484 3276 contraxit:
1585 3212 1657 3293 1)
1722 3212 1947 3277 “Usus
2000 3212 2382 3276 conferendi
2438 3212 2830 3295 baptismum

441 3315 804 3379 infantibus
841 3316 1126 3381 evolutio
1170 3315 1297 3380 fuit
1335 3316 1787 3398 disciplinaris,
1828 3337 1992 3399 quae
2031 3336 2163 3380 una
2202 3336 2287 3379 ex
2325 3316 2538 3381 causis
2580 3316 2830 3381 exstitit

439 3429 512 3482 ut
557 3430 1030 3483 sacramentum
1076 3419 1507 3484 resolveretur
1552 3421 1620 3484 in
1664 3422 1816 3495 duo,
1862 3421 1930 3484 in
1974 3421 2367 3502 baptismum
2412 3441 2521 3495 sc.,
2568 3431 2634 3484 et
2676 3440 2829 3502 poe-

439 3523 818 3586 nitentiam”
877 3523 1110 3605 (Prop.
1159 3524 1472 3604 45).—2)
1531 3524 1729 3588 “Non
1776 3523 1996 3588 adfuit
2045 3524 2113 3588 in
2159 3524 2490 3607 primitiva
2540 3524 2829 3589 Ecclesia

439 3636 785 3708 conceptus
843 3628 922 3690 de
978 3627 1330 3692 christiano
1385 3637 1721 3709 peccatore
1777 3628 2163 3693 auctoritate
2220 3629 2547 3693 Ecclesiae
2604 3649 2827 3693 recon-

436 3730 687 3805 ciliato;
750 3731 863 3794 sed
923 3730 1214 3795 Ecclesia
1272 3732 1530 3795 nonnisi
1591 3732 1945 3796 admodum
2006 3733 2175 3795 lente
2235 3732 2613 3812 hujusmodi
2674 3752 2827 3797 con-

436 3834 647 3916 ceptui
704 3835 1010 3899 assuevit.
1115 3837 1326 3899 Immo
1384 3836 1579 3899 etiam
1637 3846 1982 3918 postquam
2041 3837 2437 3919 poenitentia
2494 3847 2826 3919 tamquam

435 3938 762 4003 Ecclesiae
803 3938 1124 4004 institutio
1166 3940 1386 4021 agnita
1432 3939 1578 4017 fuit,
1621 3960 1752 4005 non
1796 3941 2240 4022 appellabatur
2282 3942 2664 4005 sacramenti
2709 3961 2825 4004 no-

434 4042 627 4116 mine,
678 4063 756 4106 eo
803 4043 979 4123 quod
1029 4043 1376 4107 haberetur
1424 4045 1518 4108 uti
1571 4054 2047 4109 sacramentum
2098 4044 2527 4127 probrosum''
2589 4045 2821 4127 (Prop.

432 4145 744 4227 46).—3)
788 4146 1048 4211 “Verba
1083 4148 1382 4211 Domini:
1461 4149 1775 4231 ‘Accipite
1812 4149 2128 4231 Spiritum
2165 4149 2511 4226 Sanctum:
2545 4168 2823 4232 quorum

433 4250 810 4315 remiseritis
857 4261 1140 4333 peccata,
1188 4252 1607 4317 remittuntur
1653 4254 1767 4329 eiS,
1818 4265 1883 4318 et
1930 4274 2208 4336 quorum
2258 4253 2673 4329 retinueritis,
2724 4272 2822 4315 re-

431 4363 610 4419 tenta
653 4353 824 4419 sunt'
879 4354 1101 4436 (Joan.
1147 4360 1246 4431 20,
1293 4357 1553 4437 22-23),
1596 4358 1860 4422 minime
1908 4358 2285 4422 referuntur
2328 4358 2414 4421 ad
2458 4377 2821 4423 sacramen-

429 4466 569 4521 tum
603 4458 1057 4541 poenitentiae,
1089 4460 1405 4543 quidquid
1440 4462 1744 4527 Patribus
1781 4462 2180 4527 Tridentinis
2215 4482 2504 4526 asserere
2538 4460 2821 4545 placuit'’

441 4560 673 4645 (Prop.
710 4562 859 4644 47).

513 4703 946 4769 1⁶Denz.-13an.,
989 4722 1042 4759 n.
1085 4705 1220 4760 2046
1267 4724 1338 4760 ss,
