3509 5267
488 515 570 577 68
793 516 894 579 De
932 513 987 579 C
988 513 1228 577 lav-ium
1263 512 1618 578 Potestatis
1651 512 2023 577 Existentia
2057 514 2274 594 Atque
2311 513 2590 578 Natura.

490 698 650 762 tiam
684 698 896 772 habet,
930 716 1208 778 quorum
1243 695 1664 778 praecipuum
1699 705 1797 760 est
1831 695 2266 778 poenitentiae
2303 707 2887 763 sacramentum.—

495 800 843 864 Poenitens
903 809 1237 882 peccatum
1302 819 1493 863 suum
1555 799 1765 863 celare
1825 818 1960 862 non
2022 799 2232 873 debet,
2295 799 2350 864 si
2414 799 2630 864 sanari
2692 799 2882 865 velit:

493 903 705 967 “Vide
738 923 895 984 ergo
928 901 1084 984 quid
1118 903 1343 966 edocet
1376 922 1497 966 nos
1534 901 1872 984 Scriptura
1906 902 2146 979 divina,
2182 903 2336 984 quia
2369 913 2625 985 oportet
2661 923 2884 985 pecca-

492 1015 632 1070 tum
668 1025 799 1069 non
833 1005 1042 1069 celare
1079 1004 1526 1069 intrinsecus”.
1609 1004 1741 1070 Sed
1776 1005 2036 1070 cuinam
2072 1005 2490 1087 pandendum
2525 1017 2624 1071 est
2661 1027 2884 1088 pecca-

493 1107 679 1172 tum?
757 1106 1093 1190 Numquid
1130 1107 1511 1190 Apostolis?
1590 1107 1782 1184 Non;
1817 1107 1954 1189 jam
1992 1107 2165 1172 enim
2201 1108 2441 1172 mortui
2480 1119 2649 1174 sunt.
2731 1107 2884 1173 Cui-

493 1231 646 1275 nam
681 1210 882 1293 ergo?
958 1211 1268 1276 Peccator
1302 1211 1491 1275 debet
1526 1211 1892 1275 “sacerdoti
1926 1210 2191 1275 Domini
2229 1211 2514 1276 indicare
2549 1221 2886 1294 peccatum

496 1334 685 1378 suum
733 1324 798 1378 et
845 1334 1155 1396 quaerere
1201 1314 1648 1378 medicinam”.
1742 1313 2205 1396 “Consequens
2255 1314 2428 1378 enim
2477 1325 2576 1379 est
2625 1324 2697 1378 ut
2743 1365 2758 1378 .
2805 1365 2819 1379 .
2868 1365 2883 1379 .

494 1417 689 1480 etiam
736 1416 1015 1481 ministri
1064 1427 1129 1482 et
1174 1418 1541 1482 sacerdotes
1591 1416 1919 1482 Ecclesiae
1963 1427 2227 1499 peccata
2273 1417 2497 1500 populi
2546 1418 2885 1500 accipiant,

494 1529 559 1584 et
596 1519 740 1602 ipsi,
779 1519 1105 1584 imitantes
1145 1518 1560 1602 Magistrum,
1596 1520 2045 1585 remissionem
2081 1528 2498 1601 peccatorum
2538 1521 2884 1586 tribuant”.

491 1622 688 1685 —Ad
731 1623 1130 1687 sacerdotem
1172 1623 1366 1687 etiam
1408 1623 1701 1704 judicare
1742 1623 2022 1705 pertinet
2065 1623 2372 1705 “quinam
2412 1623 2726 1706 languor'’
2771 1643 2886 1688 seu

494 1724 823 1806 quodnam
868 1735 1203 1806 peccatum
1248 1725 1356 1789 “in
1402 1736 1725 1790 conventu
1772 1726 1972 1791 totius
2019 1727 2322 1791 ecclesiae
2370 1727 2608 1808 exponi
2658 1727 2916 1791 debeat-

496 1837 561 1890 et
606 1827 881 1892 curari'’.
972 1827 1125 1892 Alio
1172 1829 1239 1891 in
1287 1829 1428 1893 loco
1475 1831 1739 1893 tandem
1787 1830 1942 1894 dicit
1991 1829 2349 1911 Origenes:
2440 1829 2778 1894 “Israelita
2831 1829 2885 1895 si

496 1939 735 2011 peccet,
787 1929 853 1994 id
902 1941 999 1994 est
1050 1931 1271 2006 laicuS,
1322 1931 1461 2014 ipse
1511 1953 1700 1997 suum
1750 1953 1885 1997 non
1935 1943 2149 2016 potest
2200 1932 2466 1997 auferre
2515 1942 2888 2014 peccatum;

499 2031 613 2095 sed
668 2032 937 2114 requirit
990 2033 1271 2109 levitam,
1322 2035 1570 2116 indiqet
1621 2036 1976 2113 sacerdote,
2033 2036 2234 2100 immo
2285 2036 2503 2119 potius
2558 2046 2622 2100 et
2677 2036 2889 2100 adhuc

497 2143 731 2206 horum
773 2140 1016 2221 aliquid
1059 2138 1445 2203 eminentius
1488 2139 1792 2220 requirit:
1835 2138 2139 2221 pontifice
2183 2160 2349 2221 opus
2391 2148 2508 2214 est,
2552 2149 2625 2202 ut
2664 2159 2890 2221 pecca-

498 2254 715 2308 torum
768 2243 1213 2306 remissionem
1264 2242 1470 2324 possit
1521 2241 1871 2323 accipere'’.
1970 2241 2217 2324 Itaque,
2268 2242 2461 2324 juxta
2512 2241 2887 2323 Origenem,

498 2347 776 2411 clavium
836 2355 1123 2427 potestas
1186 2346 1337 2409 data
1401 2344 1529 2409 fuit
1589 2366 1720 2409 non
1781 2353 2036 2409 tantum
2098 2345 2454 2426 ApostoliS‚
2517 2345 2631 2410 sed
2693 2344 2888 2409 etiam

498 2449 875 2514 eorumdem
924 2448 1420 2523 successoribuS,
1470 2469 1577 2524 sc.,
1626 2448 1968 2530 Episcopis
2018 2457 2082 2513 et
2129 2448 2590 2513 sacerdotibus.

594 2565 708 2648 (h)
761 2567 1084 2631 Probatur
1123 2567 1317 2630 etiam
1356 2575 1653 2630 nostrum
1692 2576 2014 2634 assertum
2053 2587 2138 2630 ex
2178 2566 2594 2630 celeberrima
2636 2573 2893 2630 contro-

499 2669 716 2734 versia
768 2669 1118 2735 catholicos
1172 2669 1341 2733 inter
1396 2679 1459 2733 et
1514 2667 2384 2733 montanistas—Acerrime
2439 2668 2702 2751 quidem
2759 2668 2890 2732 dis-

499 2781 812 2854 putarunt
862 2773 941 2836 de
992 2772 1271 2836 clavium
1320 2772 1659 2854 potestatis
1711 2772 2108 2848 extensione,
2158 2792 2409 2836 necnon
2461 2773 2542 2836 de
2592 2770 2895 2834 ministro

500 2875 815 2951 clavium;
860 2876 973 2939 sed
1018 2876 1217 2938 ullam
1264 2896 1394 2938 non
1441 2885 1784 2938 moverunt
1830 2875 2273 2956 quaestionem
2321 2876 2402 2939 de
2449 2873 2728 2939 clavium
2775 2893 2892 2956 po-

501 2977 753 3042 testatis
807 2977 1185 3043 exsistentia
1236 2988 1428 3059 atque
1480 2978 1929 3058 permanentia
1981 2978 2049 3040 in
2102 2976 2412 3053 Ecclesia,
2467 2977 2666 3042 immo
2719 2976 2891 3041 exsi-

501 3081 803 3145 stentiam
865 3091 929 3144 et
990 3082 1501 3162 permanentiam
1565 3082 1844 3145 clavium
1906 3091 2237 3162 tamquam
2299 3081 2606 3146 veritates
2670 3080 2894 3144 incon-

501 3203 723 3248 cussas
773 3183 1030 3259 habent,
1080 3205 1227 3248 cum
1277 3184 1535 3248 nonnisi
1587 3185 1667 3248 de
1716 3185 1996 3248 clavium
2046 3184 2426 3248 extensione
2475 3192 2892 3265 pertractent.

503 3285 681 3366 Ergo
736 3286 993 3368 utrique
1047 3287 1338 3369 persuasi
1398 3298 1583 3351 erant
1639 3298 1780 3351 tum
1837 3288 1919 3351 de
1973 3287 2354 3351 exsistentia
2409 3296 2550 3351 tum
2607 3287 2688 3351 de
2744 3307 2891 3368 per-

502 3387 829 3452 manentia
877 3388 1174 3453 clavium.
1269 3390 1417 3454 Hoc
1468 3390 1782 3471 probatur
1830 3411 1947 3472 per
2004 3389 2494 3466 Tertullianum,
2545 3389 2656 3471 qui
2707 3408 2896 3452 mon-

501 3490 887 3554 tanistarum
922 3492 1373 3557 celeberrimus
1408 3503 1525 3558 est.

586 3602 1045 3677 Tertullianus,
1082 3601 1343 3682 quando
1382 3601 1735 3664 catholicus
1773 3610 1933 3674 erat,
1971 3599 2280 3681 exprimit
2319 3600 2701 3664 catholicam
2740 3600 2898 3663 doc-

502 3705 762 3779 trinam,
811 3715 875 3768 et
923 3713 1389 3784 consequenter
1438 3702 1744 3784 supponit
1795 3702 2276 3767 confessionem
2333 3702 2699 3766 faciendam
2750 3721 2891 3766 esse

502 3807 806 3889 episcopo
848 3807 950 3871 vel
994 3826 1115 3870 suo
1156 3807 1451 3887 delegato
1494 3805 1561 3868 in
1608 3804 1836 3869 ordine
1879 3806 1963 3868 ad
2008 3804 2425 3870 obtinendam
2467 3803 2898 3869 absolutionis

504 3910 855 3991 gratiarnm.
955 3908 1239 3990 Quando
1296 3929 1453 3972 vero
1511 3908 1972 3972 montanistam
2033 3929 2101 3972 se
2163 3907 2321 3972 fecit
2377 3908 2656 3972 clavium
2709 3917 2900 3989 pote--

504 4022 737 4077 statem
776 4012 1135 4087 restrinxit,
1179 4012 1292 4074 sed
1336 4011 1481 4091 ejus
1522 4011 2035 4092 permanentiam
2081 4010 2147 4072 in
2191 4010 2481 4084 Ecclesia
2524 4031 2656 4074 non
2699 4030 2899 4090 nega-

503 4115 617 4189 vit,
672 4114 871 4178 immo
924 4115 1218 4177 eamdem
1272 4113 1636 4188 affirmavit,
1690 4123 1765 4176 ut
1817 4123 2070 4176 constat
2123 4133 2208 4176 ex
2264 4133 2383 4177 suo
2437 4113 2902 4177 montanistico

506 4217 611 4280 lib.
665 4217 767 4280 De
817 4217 1162 4293 Pudicitia,
1215 4217 1327 4280 ubi
1378 4217 1503 4279 ait:
1600 4216 1743 4278 “De
1798 4216 2147 4280 levioribus
2201 4216 2450 4298 delictis
2501 4215 2759 4279 veniam
2812 4216 2901 4278 ab·

504 4319 804 4400 episcopo
844 4319 1148 4400 consequi
1186 4319 1541 4401 poterit”²⁶.
1626 4319 1753 4381 Per
1793 4318 1901 4382 illa
1938 4319 2135 4383 verba
2173 4318 2563 4384 “levioribus
2602 4316 2893 4382 delictis‘”

505 4420 969 4503 significantur,
1001 4443 1085 4486 ex
1116 4432 1446 4497 contextu,
1477 4442 1611 4486 non
1642 4431 1896 4485 tantum
1928 4431 2191 4503 peccata
2220 4421 2517 4497 venialia,
2551 4421 2665 4486 sed
2698 4419 2904 4487 etiam.-

585 4591 641 4630 1⁵
662 4591 786 4647 cfr.
824 4591 1074 4658 Tertull.,
1111 4593 1169 4646 in
1205 4609 1309 4647 suo
1344 4592 1435 4648 lib.
1473 4593 1561 4648 De
1598 4591 1817 4648 Poenit.

587 4676 645 4714 1⁶
665 4676 863 4741 Rouet,
909 4695 960 4730 n.
1006 4677 1120 4730 386.
