3509 5267
919 555 1022 618 De
1060 553 1115 618 C
1115 553 1358 617 lam‘um
1391 553 1746 618 Potestatis
1780 553 2150 619 Existentia
2184 555 2403 636 Atque
2437 556 2716 621 Natura.
2932 559 3020 622 85

625 757 808 802 nem:
894 738 1193 802 Potestas
1231 736 1511 803 clavium
1551 757 1697 802 non·
1725 736 1995 801 remittit
2033 746 2390 820 peccatum,
2430 739 2583 822 quia
2625 760 2756 804 non
2795 741 3019 818 adest:

625 842 741 906 sed
776 841 1229 905 tantummodo
1268 840 1537 904 remittit
1576 859 1855 922 poenam
1894 850 2158 923 peccato
2198 840 2480 906 debitam
2520 853 2584 907 et
2623 844 2906 909 ostendit
2948 844 3017 907 in

629 941 798 1008 faeie
848 942 1176 1008 Ecclesiae
1223 951 1559 1025 peccatum
1615 941 1822 1008 fuisse
1873 944 2175 1009 deletum.
2229 944 2482 1010 Idcirco
2531 965 2665 1011 non
2715 955 3016 1012 errarunt

625 1044 1006 1111 Scholastici
1062 1045 1154 1108 illi
1208 1045 1383 1111 circa
1436 1045 1645 1128 ipsam
1698 1055 2108 1129 potestatem,
2165 1047 2280 1112 sed
2336 1050 2789 1114 tantummodo
2842 1049 3016 1114 circa

622 1147 1083 1228 dispositiones
1129 1149 1197 1213 in
1246 1147 1543 1231 subiecto
1589 1149 1952 1230 requisitas.

706 1268 1073 1333 Audiamus
1107 1278 1349 1333 statum
1380 1268 1779 1350 quaestionis
1812 1270 1894 1334 ab
1928 1268 2084 1353 ipsis
2117 1270 2434 1352 antiquis:
2511 1271 2734 1336 “Solet
2769 1271 3013 1354 quaeri,

622 1369 800 1434 —ait
852 1371 926 1434 H
926 1392 1054 1452 uqa
1108 1391 1150 1435 a
1200 1370 1272 1436 S.
1337 1362 1981 1449 Victore⁸⁸,--utrum
2039 1373 2330 1438 solvatur
2384 1375 2582 1452 homo
2635 1396 2674 1439 a
2729 1386 3015 1457 peccato,

623 1482 695 1537 ut
732 1473 1016 1554 primum
1056 1474 1248 1539 habet
1286 1495 1510 1539 veram
1550 1475 1768 1540 cordis
1803 1475 2281 1541 contritionem.
2365 1476 2565 1559 Quod
2604 1477 2864 1542 videtur
2905 1477 3014 1542 illa

621 1574 974 1641 auctoritas
1039 1576 1222 1641 velle.
1313 1575 1506 1641 Dixi:
1598 1577 1655 1643 C
1654 1599 1737 1642 on
1738 1577 1974 1660 fitebor
2037 1581 2388 1644 adversum
2451 1601 2555 1646 me
2621 1579 3013 1662 injustitiam

622 1697 833 1742 meam
869 1678 1190 1744 Domino:
1226 1689 1292 1746 et
1329 1689 1399 1744 tu
1433 1679 1743 1746 remisisti
1779 1681 2177 1763 impietatem
2212 1683 2463 1763 peccati
2499 1683 2628 1748 mi
2674 1683 2819 1765 (Ps.
2864 1683 3010 1765 31).

624 1780 823 1844 Item:
903 1782 1220 1847 Peccator
1254 1804 1656 1866 quacumque
1694 1785 1859 1849 hora
1892 1785 2276 1866 ingenuerit,
2312 1787 2534 1850 salvus
2569 1787 2691 1851 erit
2740 1786 3010 1867 (Ezech.

624 1884 740 1966 18)
754 1936 769 1950 .
861 1885 993 1950 Sed
1042 1886 1096 1950 si
1142 1906 1261 1969 per
1306 1887 1763 1951 contritionem
1811 1887 2028 1954 cordis
2076 1889 2327 1954 solutus
2375 1899 2473 1953 est
2521 1910 2562 1955 a
2609 1899 2894 1971 peccato,
2943 1889 3011 1953 in

620 1987 1034 2053 confessione
1082 1989 1215 2054 oris
1264 2010 1395 2054 non
1446 1990 1754 2066 solvitur:
1803 1991 1889 2055 ad
1939 1991 2096 2073 quid
2143 2011 2302 2074 ergo
2349 1992 2681 2057 confessio
2730 1993 2875 2060 oris.
2913 2003 3012 2057 est

618 2090 816 2166 utilis,
862 2091 915 2155 si
962 2100 1110 2156 ante
1155 2091 1637 2158 confessionem
1680 2094 1815 2158 oris
1862 2094 2113 2159 solutus
2155 2105 2254 2159 est
2297 2115 2338 2160 a
2380 2095 2689 2178 peccato?
2778 2096 2909 2160 Sed
2956 2094 3009 2160 si

618 2213 736 2274 per
767 2193 1223 2258 contritionem
1257 2195 1475 2260 cordis
1512 2196 1762 2261 solutus
1799 2207 1897 2261 est
1932 2218 1973 2261 a
2009 2208 2308 2280 peccato:
2347 2197 2430 2264 “a
2464 2219 2596 2280 quo
2631 2199 2824 2263 solvit
2861 2219 3010 2263 eum

620 2297 921 2360 sacerdos
938 2295 1006 2359 ?''
1094 2297 1351 2361 Deinde·
1414 2298 1618 2381 Hugo
1682 2299 1953 2380 exponit
2019 2300 2405 2365 sententiam
2470 2301 2553 2365 de
2618 2302 3010 2376 ostensione,

618 2401 882 2465 adducit
922 2401 1204 2467 rationes
1247 2403 1421 2469 illam
1463 2405 1849 2469 sententiam
1889 2405 2346 2470 sustinentium
2385 2415 2451 2470 et
2491 2405 2754 2469 tandem
2797 2403 3010 2486 rejicit

618 2503 1002 2568 sententiam
1040 2504 1233 2570 illam.

704 2628 1016 2693 Similiter
1047 2627 1263 2709 arguit
1296 2627 1536 2692 Petrus
1567 2626 2010 2709 Lombardus:
2085 2627 2260 2693 “Hic
2286 2627 2516 2709 >quaeri
2554 2627 2735 2702 solet,
2771 2626 2825 2690 si
2860 2647 3008 2708 pec-

616 2741 833 2796 catum
875 2730 1143 2795 omnino
1186 2728 1527 2793 dimissum
1571 2739 1668 2793 est
1712 2749 1752 2793 a
1797 2729 1941 2793 Deo
1983 2749 2102 2812 per
2144 2729 2361 2794 cordis
2404 2729 2878 2804 contritionem,
2923 2749 3008 2792 ex

619 2854 748 2915 quo
798 2832 1135 2915 poenitens
1187 2841 1414 2896 votum
1467 2831 1691 2896 habuit
1744 2831 2116 2906 confitendi,
2170 2830 2327 2913 quid
2379 2842 2606 2914 postea
2661 2830 3009 2896 dimittitur

614 2935 673 2999 ei
702 2956 742 3000 a
770 2935 1122 3000 sacerdote.
1196 2934 1409 2998 Video
1438 2933 1632 3009 enim,
1660 2954 1794 3016 quo
1818 2934 2078 2998 vinculo
2107 2954 2257 2998 eum
2287 2934 2464 3016 ligat,
2494 2955 2602 3010 sc„
2632 2934 3007 3017 temporalis

616 3057 883 3119 poenae,
934 3038 1048 3102 sed
1098 3057 1249 3113 non,
1299 3057 1339 3101 a
1390 3057 1521 3118 quo
1570 3057 1720 3101 eum
1769 3037 2097 3113 absolvat3
2147 3047 2212 3120 et
2262 3036 2410 3100 ideo
2461 3056 2736 3117 quaero:
2831 3036 3007 3099 Ante

614 3140 1101 3223 poenitudinem
1144 3140 1381 3221 quippe
1423 3139 1640 3204 cordis
1680 3139 1900 3203 anima
1944 3139 2037 3203 rei
2082 3139 2401 3203 maculam
2446 3138 2638 3203 habet
2683 3149 2747 3202 et
2797 3138 3006 3203 t’oeto-

617 3263 755 3306 rem
809 3242 1075 3325 peccati,
1132 3253 1325 3324 atque
1381 3251 1682 3306 aeternae
1737 3241 2004 3306 ultionis
2060 3242 2320 3306 vinculo
2379 3241 2575 3323 ligata
2633 3241 2890 3317 existit3
2949 3242 3004 3306 si

615 3365 772 3409 vero
825 3354 975 3408 ante
1027 3345 1528 3420 confessionem,
1582 3364 1699 3426 per
1738 3343 1968 3409 -cordis
2021 3344 2476 3409 contritionem
2531 3345 2710 3408 Deus
2764 3365 2881 3426 per
2937 3364 3005 3408 se

613 3446 847 3529 ipsum,
891 3447 1029 3511 sine
1071 3447 1432 3511 ministerio
1477 3447 1853 3523 sacerdotis,
1896 3457 1959 3511 et
2004 3446 2292 3511 debitum
2335 3447 2601 3511 omnino
2646 3449 2895 3511 relaxat
2941 3457 3004 3510 et

613 3553 898 3616 animam
939 3549 1209 3615 interius
1247 3560 1483 3632 purgat
1523 3571 1564 3614 a
1599 3550 1902 3632 contagio
1941 3560 2005 3613 et
2050 3548 2302 3614 foetore
2339 3550 2606 3632 peccati,
2649 3550 2804 3631 quid
2847 3570 3004 3631 ergo

615 3654 905 3730 mundat,
961 3653 1118 3736 quid
1171 3653 1448 3720 absolvit
1505 3651 1853 3717 sacerdos?
1951 3652 2082 3717 Ubi
2140 3663 2292 3718 sunt
2346 3653 2560 3717 claves
2618 3653 2783 3728 illae,
2841 3672 3004 3733 quas

616 3756 937 3820 Dominus
1003 3755 1272 3820 tradidit
1342 3756 1539 3819 Petro
1609 3763 1673 3819 et
1740 3754 2221 3819 successoribus
2289 3754 2437 3836 ejus
2507 3754 2760 3818 dicens:
2858 3755 3006 3819 Tibi

613 3858 778 3922 dabo
826 3908 840 3922 .
888 3909 903 3922 .
951 3857 1127 3922 ‚?'’⁸⁹.
1218 3857 1471 3923 Deinde
1515 3857 1733 3922 varias
1767 3858 2042 3923 adducit
2088 3856 2459 3934 sententias,
2505 3865 2570 3922 et
2614 3858 2810 3922 simul
2852 3868 3004 3938 pro-

614 3969 887 4026 testat-ur
926 3982 1134 4043 neque
1172 3981 1241 4024 se
1278 3981 1488 4043 neque
1526 3960 1917 4026 sustinentes
1953 3959 2115 4024 alias
2155 3958 2507 4024 sententias
2545 3980 2781 4040 neyare
2821 3968 3002 4041 pote-

613 4072 845 4127 statem
885 4073 1148 4146 peccata
1190 4062 1556 4129 remittendi
1599 4062 2041 4128 sacerdotibus
2081 4081 2455 4126 concessam
2500 4061 2724 4126 fuisse.
2812 4061 3002 4136 Vide,

611 4187 673 4229 v.
721 4187 805 4248 g.,
852 4186 991 4248 cap.
1043 4165 1110 4230 V
1157 4165 1367 4248 ejusd.
1419 4164 1589 4241 dist„
1638 4165 1747 4230 ubi
1797 4175 2021 4247 aperte
2069 4164 2259 4229 dicit:
2352 4157 2538 4230 “Nec
2588 4164 2736 4229 ideo
2783 4174 3002 4228 tamen

612 4287 943 4349 negamus,
998 4268 1441 4333 sacerdotibus
1495 4287 1869 4333 concessam
1921 4277 2307 4350 potestatem
2360 4266 2728 4331 dimittendi
2783 4277 2847 4331 et
2903 4287 3002 4330 re-

609 4369 855 4435 tinendi
884 4379 1167 4452 peccata,
1196 4391 1345 4434 cum
1376 4370 1499 4434 hoc
1532 4369 1795 4435 Veritas
1827 4369 1894 4433 in
1927 4369 2284 4452 Evangelio
2315 4380 2536 4452 aperte
2572 4369 2915 4434 doceat”⁰⁰.

691 4553 749 4594 ⁶⁸
768 4555 849 4611 M.
889 4556 951 4611 P.
988 4556 1068 4621 L„
1105 4556 1217 4622 176,
1256 4556 1367 4611 147.

691 4633 747 4674 ⁶⁹
769 4636 920 4691 Sent.
971 4633 1071 4700 IV,
1118 4636 1170 4692 d.
1219 4637 1297 4702 18,
1343 4655 1389 4691 c.
1440 4636 1485 4702 1,
1532 4637 1591 4692 in
1637 4634 1768 4692 edit.
1815 4635 2150 4703 Quaracchi,
2195 4653 2320 4702 pag.
2367 4637 2484 4692 857.

691 4713 923 4781 wlbid„
963 4731 1087 4781 pag.
1127 4717 1241 4772 861.
