3509 5267
515 538 604 603 26
822 539 924 601 De
960 536 1016 600 C
1015 536 1258 603 lovium
1290 536 1645 600 Potestatis
1680 535 2049 600 Existentia
2084 534 2303 616 Atque
2338 535 2410 598 N
2412 544 2619 600 atum.

609 719 688 782 In
725 715 954 799 primis
994 715 1275 780 Ovidius
1316 715 1505 779 docet
1545 716 1703 780 deos
1742 714 2070 779 hominem
2111 716 2343 797 punire
2383 725 2651 798 propter
2691 736 2915 800 peeca-

519 834 682 899 tum,
721 824 840 887 sed
873 822 1276 905 punitionem
1312 842 1567 886 cessare
1605 822 1826 886 statim
1864 843 1941 886 ac
1977 821 2202 886 vident
2241 822 2454 904 ipsum
2494 843 2721 888 revera
2758 844 2912 907 poe-

521 930 812 995 nituisse.
901 928 1189 993 Evidens
1233 939 1452 993 autem
1495 928 1931 1011 poenitentiae
1978 928 2235 1011 signum
2280 939 2378 993 est
2426 916 2647 995 dolor:
2690 929 2913 995 “facto

525 1046 834 1118 torqueor
877 1036 1017 1118 ipse
1063 1034 1272 1111 meo’',
1319 1045 1393 1100 ut
1438 1035 1520 1099 de
1568 1056 1637 1100 se
1690 1035 1935 1099 fatetur
1983 1034 2283 1100 Ovidius.
2378 1035 2578 1102 Hunc
2623 1036 2915 1101 dolorem

523 1153 752 1227 postea
802 1142 1206 1226 perpulchris
1261 1141 1566 1206 describit
1620 1140 1883 1223 figuris:
1984 1142 2179 1207 Mens
2233 1143 2457 1207 dolore
2511 1144 2916 1207 consumitur

524 1249 693 1314 sicut
719 1249 837 1313 nix
864 1249 950 1314 ad
977 1249 1279 1313 ardorem
1307 1248 1499 1324 solis;
1528 1248 1695 1313 sicut
1723 1248 1911 1313 navis
1938 1249 2229 1313 terenide
2269 1247 2480 1330 (tinea
2510 1248 2873 1329 maritima)
2899 1270 2916 1324 ;

525 1356 692 1421 sicut
739 1355 984 1437 scopuli
1032 1355 1164 1419 sale
1208 1375 1533 1437 aequoreo
1577 1375 1692 1419 seu
1737 1354 2027 1432 marino;
2074 1355 2240 1419 sicut
2290 1354 2539 1419 ferrum
2586 1356 2917 1437 rubigine;

529 1462 696 1527 sicut
755 1462 918 1526 liber
973 1461 1379 1526 consumitur
1438 1461 1631 1525 tinea.
1737 1460 1944 1525 Dolor.
2005 1461 2112 1525 ille
2172 1473 2271 1527 est
2333 1462 2499 1526 sicut
2559 1471 2911 1547 perpetuus

527 1589 806 1643 morsus,
871 1568 1037 1633 sicut
1099 1578 1452 1651 perpetuus
1519 1567 2134 1632 stimulus—Dolor
2200 1568 2307 1633 ille
2372 1578 2471 1634 est
2534 1569 2916 1633 vehemens:

527 1674 972 1757 “Torqueor”,
1005 1674 1160 1739 dicit
1192 1673 1511 1751 Ovidius;
1541 1675 1652 1756 qui
1687 1675 1861 1738 enim
1893 1684 2253 1756 torquetur,
2287 1696 2418 1740 non
2451 1695 2686 1759 parum
2720 1675 2918 1739 immo

527 1782 804 1846 multum
846 1781 1134 1865 patiatur
1175 1790 1450 1863 oportet.
1539 1781 1661 1845 Est
1707 1781 2062 1862 spiritualis
2108 1802 2240 1846 non
2285 1802 2671 1864 corporeus:
2761 1781 2917 1845 “Nil

527 1888 727 1971 igitur
785 1887 1201 1951 mirum—ait
1262 1887 1604 1952 Poeta—si
1668 1887 1875 1952 MEN
1882 1886 1930 1953 S
1990 1888 2151 1952 mihi
2211 1888 2431 1952 tabida
2494 1888 2672 1953 faeta
2716 1938 2731 1953 .
2776 1937 2793 1951 .
2839 1937 2856 1952 .
2902 1936 2917 1952 .

529 1993 884 2077 liquescit”.
964 1993 1356 2058 Producitur
1390 1994 1598 2075 magis
1633 1988 1723 2057 ex'
1752 1996 2024 2059 horrore
2060 1994 2305 2075 culpae,
2341 2014 2537 2075 quam
2572 2015 2658 2059 ex
2692 1994 2918 2077 poenis

530 2100 790 2165 inflictis
809 2120 826 2176 ;
872 2121 1025 2165 nam
1071 2121 1157 2165 ex
1205 2100 1364 2182 ipsis
1411 2100 1672 2165 inflictis
1718 2101 1967 2183 poenis,
2015 2120 2101 2164 ex
2149 2099 2475 2182 ipsissimo
2522 2099 2721 2166 exilio
2770 2121 2919 2183 pro-

529 2207 797 2271 veniens
838 2207 1026 2271 dolor
1068 2207 1282 2270 minor
1323 2217 1422 2271 est
1465 2227 1586 2289 pro
1630 2206 1897 2272 Nasone
1940 2227 2138 2289 quam
2179 2207 2366 2271 dolor
2408 2227 2493 2270 ex
2537 2208 2725 2291 culpa
2769 2228 2920 2290 pro-

528 2312 832 2388 veniens;
875 2312 1083 2395 magis
1126 2313 1395 2379 crimine
1442 2314 1617 2378 dolet
1661 2334 1857 2395 quam
1900 2313 2163 2397 poenis:

697 2506 1092 2589 “Quumque
1119 2507 1205 2571 sit
1232 2507 1522 2583 exilium,
1551 2506 1758 2589 mayis
1785 2517 1885 2570 est
1913 2506 2075 2570 mihi
2102 2506 2159 2571 C
2166 2506 2227 2572 U
2228 2506 2405 2570 LPA
2438 2507 2686 2583 dolori,·

701 2613 948 2693 Estque
996 2612 1132 2694 pati
1181 2632 1446 2695 poenas,
1495 2633 1691 2693 quam
1741 2610 2075 2687 meruisse,
2127 2611 2405 2675 minuS.''

619 2803 796 2867 Luce
843 2802 1082 2866 clarius
1135 2801 1353 2883 itaque
1404 2803 1591 2866 docet
1643 2800 1927 2865 Ovidius
1979 2802 2062 2866 ad
2114 2801 2579 2884 poenitentiam
2632 2802 2950 2889 dolorem.

532 2906 876 2989 pertinere.

623 3027 748 3091 III.
836 3025 1334 3091 Rana—Ratio
1387 3025 1588 3090 dictat
1643 3025 1817 3089 idem
1870 3026 2046 3108 quod
2100 3026 2182 3091 ab
2237 3026 2620 3091 auctoritate
2674 3025 2926 3091 audivi-

536 3156 701 3199 mus.
809 3135 879 3200 Si
943 3135 1090 3217 quis
1151 3135 1324 3198 enim
1385 3135 1466 3199 ab
1528 3134 1658 3199 alio
1718 3134 1976 3199 veniam
2038 3134 2330 3199 obtinere
2392 3135 2567 3209 velit,
2631 3136 2926 3200 naturale

537 3262 807 3324 prorsus
873 3252 972 3305 est
1038 3240 1552 3316 detestationem,
1621 3241 1911 3323 adeoque
1982 3242 2293 3316 dolorem,
2362 3242 2576 3305 illatae
2645 3240 2927 3322 injuriae

533 3348 876 3411 ostendere
912 3367 1177 3430 quoquo
1219 3348 1432 3424 modo,
1473 3358 1546 3411 ut
1587 3368 1867 3432 persona
1909 3347 2164 3413 offensa
2204 3348 2297 3429 inj
2305 3349 2515 3412 uriam
2557 3349 2926 3412 condonare

537 3454 714 3529 velit,
758 3464 1020 3518 ostenso
1066 3440 1312 3519 dolore*
1333 3464 1530 3519 mota.
2670 3462 2675 3465 '

626 3575 855 3656 Neque
903 3574 1258 3639 auctoritas
1307 3594 1464 3657 ergo
1513 3594 1723 3657 neque
1772 3575 1940 3641 ratio
1990 3574 2348 3640 lutheranis
2402 3574 2603 3650 favet,
2654 3573 2927 3656 ideoque
2976 3609 2978 3611 ·

539 3680 896 3745 nullimodo
941 3681 1196 3745 admitti
1241 3691 1454 3763 potest
1501 3669 1936 3763 poenitentiae
1982 3681 2185 3756 notio,
2230 3700 2427 3763 quam
2474 3682 2727 3756 docent,
2776 3680 2928 3743 reti·

539 3785 878 3868 nendaque
942 3798 1040 3851 est
1105 3788 1372 3869 antiqua
1438 3787 1749 3863 definitio,
1815 3808 2002 3870 quae,
2069 3797 2328 3870 praeter
2393 3786 2929 3861 emendationem,

538 3893 753 3974 exigit.
784 3913 1040 3975 quoque
1082 3903 1495 3975 peccatorum
1537 3894 2050 3958 detestationem.

625 4013 851 4078 Unum
923 4013 1412 4099 ‚subterfugium
1491 4014 1848 4079 lutheranis
1929 4023 2160 4079 restat:
2238 4014 2420 4078 verbi
2496 4012 2935 4095 poenitentiae·

542 4118 898 4184 translatio.
979 4119 1879 4185 Poenitcntia—dicunt—est
1913 4120 2253 4185 translatio
2288 4119 2501 4202 graeci
2537 4120 2718 4184 verbi
2757 4118 2930 4182 “rne-

449 4239 456 4244 ·
541 4224 823 4300 tanoia”,
865 4226 1039 4307 quod
1080 4226 1253 4290 idem
1292 4236 1392 4291 est
1431 4248 1508 4291 ac
1549 4226 1785 4291 mentis
1826 4226 2119 4292 mutatio.
2205 4226 2339 4292 Hie
2377 4236 2597 4290 autem
2640 4225 2817 4290 nulla
2858 4223 2932 4288 fit

542 4332 788 4396 mentio
824 4333 905 4396 de
943 4332 1186 4395 dolore.
1267 4331 1464 4415 Ergo,

628 4452 824 4533 Resp.
838 4474 861 4516 .·
907 4461 1213 4517 transeat.
1306 4452 1620 4534 Theologi
1670 4452 1845 4518 enim
1895 4472 2026 4516 non
2076 4454 2156 4517 de
2204 4452 2440 4526 verbiS,
2490 4452 2604 4516 sed
2653 4450 2734 4515 de
2782 4469 2934 4513 con-

541 4558 833 4639 ceptibus
892 4556 1245 4658 disputant.
1345 4558 1654 4640 Jamvero
1710 4578 1797 4622 ex
1854 4577 1979 4622 usu
2037 4556 2339 4639 loquendi
2401 4566 2741 4621 auctorum
2798 4565 2933 4618 tam

544 4682 879 4728 sacrorum
933 4684 1128 4745 quam
1184 4663 1619 4745 profanorum
1675 4662 2073 4746 poenitentia
2129 4664 2421 4728 dolorem
2478 4661 2935 4743 tristitiamque
