3509 5267
425 523 512 585 42
732 522 834 585 De
871 518 1169 584 Clavium
1202 518 1556 582 Potes-tatis
1590 517 1962 582 Existentia
1995 517 2214 597 Atque
2251 517 2530 581 Natura.

430 714 561 769 stat
625 724 710 767 ex
774 701 1120 775 Historia⁸,
1186 700 1362 764 illam
1426 700 1920 774 Fraticellorum
1984 699 2275 773 classem,
2341 700 2453 782 qui
2520 699 2824 764 dicuntur

430 807 512 870 M
512 804 866 881 ichaelitae,
914 804 995 868 de
1043 804 1275 885 quibus
1323 802 1492 866 inter
1536 803 1663 865 alia
1711 802 1949 866 dicitur
1997 803 2065 865 in
2113 803 2297 866 “The
2347 802 2639 868 Catholic
2689 803 2821 864 En-

431 908 865 992 cyclopedia'’,
921 909 1047 973 vol.
1109 908 1228 983 VI,
1286 908 1486 972 verbo
1545 907 1642 969 “F
1646 906 1977 981 raticelli’',
2034 927 2098 970 n.
2162 907 2301 970 III:
2403 906 2587 971 “The
2646 907 2822 971 third

429 1035 640 1097 group
678 1014 753 1078 of
795 1014 904 1077 the
943 1012 1267 1076 Fraticelli
1307 1032 1418 1075 are
1457 1012 1661 1075 called
1700 1011 1811 1075 the
1852 1010 2279 1086 Michaelites,
2322 1010 2617 1093 deriving
2654 1012 2824 1075 their

333 1138 344 1147 ·
433 1139 623 1182 name
675 1117 851 1181 from
904 1117 1186 1181 Michael
1237 1116 1319 1180 de
1370 1115 1678 1180 Cesena’'.
1774 1116 1860 1179 Et
1909 1136 2055 1198 pag.
2109 1119 2253 1190 24¹7,
2303 1115 2424 1180 col.
2478 1119 2536 1191 2,
2586 1114 2823 1180 dicitur

428 1223 512 1286 de
570 1222 848 1287 eisdem:
951 1220 1278 1284 “Michael
1339 1220 1419 1283 de
1482 1220 1730 1284 Cesena
1790 1220 1919 1283 and
1980 1221 2063 1283 all
2123 1219 2225 1283 his
2286 1220 2652 1293 adherents,
2713 1219 2823 1281 the

436 1325 862 1400 Michaelites,
907 1345 1078 1389 were
1123 1324 1502 1407 repudiated
1545 1326 1630 1405 by
1674 1325 1783 1388 the
1838 1323 2302 1405 (Franciscan)
2357 1324 2612 1388 order”.

520 1432 746 1512 Itaque
797 1429 1146 1512 applicatio
1193 1428 1303 1493 illa
1356 1429 1805 1492 Franciscanis
1858 1429 1925 1491 in
1974 1448 2211 1510 genere
2260 1428 2526 1492 attribui
2583 1427 2822 1509 nequit,

427 1554 580 1598 cum
619 1544 870 1598 constet
912 1533 1082 1598 illius
1127 1533 1420 1597 fautores
1465 1532 1670 1596 fuisse
1715 1534 1769 1595 F
1773 1533 2093 1597 raticellos
2134 1542 2407 1597 tantum.

519 1637 857 1720 Quidquid
907 1638 991 1702 sit
1039 1638 1121 1701 de
1169 1638 1271 1701 his
1321 1637 1592 1719 aliisque
1643 1637 2075 1719 opinionibus,
2128 1636 2194 1699 in
2245 1636 2368 1701 hoc
2418 1636 2660 1718 scripto
2708 1656 2825 1717 per

432 1751 819 1824 potestatem
855 1740 1135 1806 clavium
1177 1741 1568 1822 intelligetur
1607 1751 1895 1822 potestas
1937 1741 2305 1804 remittendi
2349 1751 2462 1805 aut
2506 1739 2822 1804 retinendi
2854 1796 2859 1799 .

431 1854 695 1927 peccata
740 1844 807 1908 in
851 1855 1256 1909 sacramento
1303 1844 1766 1908 Poenitentiae.
1798 1890 1807 1895 -

1269 2019 1803 2085 ARTICULUS
1893 2020 1981 2084 II.

1319 2146 1578 2201 Errores
1617 2146 1939 2213 praecipui.

530 2268 640 2350 (a)
689 2268 893 2350 Juxta
930 2266 1197 2332 Scribas
1236 2277 1300 2330 et
1341 2266 1751 2342 Pharisaeos,
1793 2266 2009 2330 nullus
2048 2275 2262 2347 potest
2305 2276 2567 2348 peccata
2610 2266 2824 2330 dimit-

433 2384 590 2447 tere,
628 2373 750 2436 nisi
789 2373 965 2436 solus
1004 2371 1424 2435 Deua—Eos
1463 2370 1777 2433 refutavit
1815 2370 1953 2451 ipse
1992 2370 2313 2435 Dominus
2355 2370 2599 2435 Noster
2634 2371 2825 2451 Jesus

435 2477 784 2543 Christus⁷.

529 2580 642 2662 (b)
697 2581 778 2644 M
779 2580 1140 2647 antanistae
1187 2591 1249 2643 et
1294 2579 1364 2641 N
1367 2578 1652 2643 ovatiani
1695 2578 1975 2642 clavium
2020 2588 2407 2660 potestatem
2455 2598 2587 2641 non
2632 2597 2825 2659 nega-

437 2694 608 2759 runt,
644 2686 756 2748 sed
792 2684 1243 2748 tantummodo
1280 2684 1756 2747 restrinxerunt
1791 2684 1875 2745 ad
1910 2692 2086 2747 certa
2119 2694 2532 2765 peccatorum
2568 2703 2824 2764 genera.

523 2789 606 2852 N.
653 2788 726 2853 B.
809 2789 880 2851 N
883 2788 1243 2863 ovatianus,
1285 2797 1522 2862 tamen,
1565 2787 1758 2867 juxta
1803 2787 2073 2850 Patrum
2115 2786 2503 2861 testimonia,
2546 2786 2826 2850 clavium

435 2902 821 2974 potestatem
869 2890 1147 2973 neyavit.
1239 2891 1356 2955 Ait
1402 2892 1574 2954 enim
1621 2892 1693 2955 S.
1740 2890 2172 2955 Athanasius:
2267 2890 2375 2954 “N
2379 2899 2663 2954 ovatum·
2694 2890 2826 2955 cul-

435 3017 666 3078 pamus
706 2996 1170 3078 poenitentiam
1210 2996 1559 3069 tollentem,
1601 3017 1677 3060 ac
1720 2995 2039 3059 dicentem
2082 2994 2325 3059 nullam
2368 3015 2706 3077 superesse
2748 2994 2826 3059 iis

433 3101 695 3164 veniam
736 3100 846 3181 qui
890 3111 1039 3181 post
1083 3102 1412 3164 lavacrum
1453 3098 2107 3181 peccaverint''⁸.—S.
2152 3098 2560 3180 Epiphanius
2607 3099 2827 3163 Nova-

437 3205 687 3268 tianum
756 3205 1111 3269 asseruisse
1183 3204 1423 3268 refert:
1537 3203 1712 3284 “Qui
1760 3254 1775 3267 .
1824 3254 1838 3267 .
1886 3254 1900 3267 .
1944 3214 2093 3285 post
2162 3204 2556 3285 baptismum
2624 3203 2827 3266 delin-

435 3308 669 3390 querit,
708 3309 953 3372 nullam
992 3329 1147 3390 erga
1186 3329 1335 3371 eum
1376 3308 1887 3372 misericordiam
1927 3308 2219 3372 adhiberi
2258 3307 2828 3390 posse'’⁹.—Juxta

438 3411 508 3476 S.
555 3411 933 3488 Pudentem,
985 3412 1393 3477 Novatianus
1441 3412 1660 3476 docuit
1708 3412 1925 3493 “quod
1970 3422 2118 3494 post
2166 3412 2558 3494 baptismum
2606 3412 2828 3492 poeni-

434 3526 574 3579 tere
603 3535 736 3579 non
764 3516 946 3592 licet;
973 3517 1148 3597 quod
1177 3516 1449 3580 mortale
1480 3526 1815 3598 peccatum
1848 3517 2137 3580 Ecclesia
2166 3517 2410 3581 donare
2441 3537 2572 3580 non
2601 3516 2827 3597 possit,

440 3619 639 3684 immo
681 3620 856 3700 quod
899 3620 1040 3701 ipsa
1081 3631 1303 3701 pereat
1348 3621 1715 3702 recipiendo
1762 3620 2373 3702 peccantes''¹⁰.—S.
2417 3620 2828 3693 Ambrosius,

439 3724 696 3787 solvens
732 3724 1252 3789 Novatianorum
1283 3724 1715 3805 objectionem
1748 3724 2117 3805 quamdam,
2152 3724 2322 3788 idem
2356 3725 2575 3788 docet:
2653 3722 2828 3787 “Sed

434 3827 621 3891 aiunt
694 3827 795 3908 (N
799 3828 1122 3908 ovatiani)
1197 3850 1285 3903 se,
1350 3830 1638 3911 exceptis
1702 3830 2008 3911 gravibus
2072 3829 2468 3903 criminibus,
2536 3828 2829 3891 relaxare

438 3930 695 3994 veniam
731 3931 1098 3997 levioribuS.
1181 3933 1334 3997 Non
1370 3934 1491 3997 hoc
1526 3934 1787 4016 quidem
1825 3934 2056 3997 ductor
2088 3933 2288 3997 vestri
2326 3933 2567 3997 erroris
2609 3934 2829 3997 Nova-

434 4035 674 4109 tianus,
716 4035 826 4117 qui
869 4037 1110 4099 nemini
1152 4036 1615 4118 poenitentiam
1660 4038 1943 4101 dandam
1984 4038 2237 4119 putavit
2283 4087 2297 4101 .
2345 4087 2359 4102 .
2408 4086 2421 4100 .
2470 4036 2601 4101 Sed
2649 4037 2827 4099 Deus

441 4138 918 4203 distinctionem
980 4161 1113 4204 non
1178 4140 1336 4205 facit
1383 4191 1396 4205 .
1445 4192 1458 4205 .
1507 4192 1520 4205 .
1570 4192 1583 4205 .
1633 4141 1764 4205 Sed
1826 4141 1949 4222 qui·
1999 4141 2255 4223 culpam
2319 4139 2829 4222 exaggeraverit,

437 4254 789 4323 exaggeret
847 4244 1330 4325 poenitentiam.
1435 4246 1535 4309 Ita
1595 4267 1711 4309 nec
1774 4246 2181 4309 Novatianus
2244 4245 2659 4327 approbatur,
2719 4243 2828 4326 qui

524 4411 759 4476 θΜαι-κ,
804 4412 1069 4469 Manuale
1111 4414 1165 4468 di
1211 4414 1400 4469 Storia
1441 4414 1606 4476 Eccl.,
1646 4432 1771 4479 pag.
1811 4416 1924 4469 379.
1969 4415 2217 4480 Firenze,
2259 4435 2308 4470 a.
2352 4416 2496 4471 1913.

523 4478 694 4537 '‘Cfr.
736 4481 840 4536 Mt.
883 4482 930 4545 9,
975 4482 1066 4536 1-8
1081 4501 1094 4546 ;
1139 4482 1252 4537 Mc.
1293 4483 1342 4547 2,
1388 4482 1538 4547 1-12;
1581 4484 1676 4539 Le.
1717 4485 1768 4549 5,
1811 4484 1981 4539 18-26.

522 4546 651 4603 8Μ.
688 4548 752 4603 Ρ.
789 4549 853 4605 G.
889 4550 968 4615 L.,
1004 4551 1116 4607 vol.
1149 4551 1232 4617 26,
1268 4552 1372 4606 col.
1407 4551 1520 4607 654.

522 4615 651 4671 ⁹M.
699 4617 761 4671 P.
811 4618 875 4673 G.
920 4618 1000 4683 L..
1044 4619 1125 4683 41,
1175 4620 1319 4675 1818.

523 4683 582 4722 1⁰
601 4684 682 4739 M.
718 4686 782 4740 P.
815 4687 895 4750 L..
934 4688 1011 4751 13,
1049 4688 1192 4741 1063.
