3509 5267
513 532 600 595 28
818 530 920 593 De
957 527 1254 592 Cluvium
1288 527 1642 591 Potestatis
1677 525 2046 590 Existentia
2080 526 2299 606 Atque
2335 526 2615 591 Natura.

951 713 1009 775 2.
1094 708 1542 774 Poenitentiae
1575 708 1967 773 sacramenti
1998 708 2309 790 definitio.

605 848 1038 913 Institutionis
1069 846 1454 913 sacramenti
1489 846 1934 911 Poeniten'tiae
1963 846 2176 911 causis
2210 846 2534 929 inspectis,
2567 847 2705 929 jam
2737 868 2909 912 nunc

516 953 674 1035 quid
713 950 1156 1016 Poenitentiae
1193 960 1668 1015 sacramentum
1707 950 1811 1025 sit,
1849 948 2035 1015 nobis
2071 950 2426 1036 videndum
2465 960 2581 1016 est.
2658 1035 2663 1039 .

604 1055 1047 1120 Poenitentiae
1123 1042 1599 1118 sacramentum
1673 1046 1928 1117 definiri
2004 1064 2252 1136 potest:
2372 1054 2908 1119 “Sacramentum

515 1160 750 1224 Novae
794 1158 989 1241 Leqis
1035 1179 1076 1223 a
1122 1158 1383 1223 Christo
1429 1158 1714 1222 Domino
1757 1157 2148 1234 institutum,
2196 1179 2323 1238 quo
2368 1169 2488 1239 per
2532 1158 2907 1240 judicialem

517 1263 989 1328 absolutionem
1026 1282 1066 1324 a
1103 1262 1388 1344 leqitimo
1428 1261 1723 1325 ministro
1760 1260 2176 1341 impertitam,
2214 1261 2395 1343 fideli
2426 1262 2551 1326 rite
2591 1262 2905 1342 disposito

513 1366 936 1431 remittuntur
971 1374 1236 1446 peccata
1269 1374 1418 1445 post
1457 1365 1849 1446 baptismum
1890 1365 2252 1441 commissa,
2291 1365 2626 1447 gratiaque
2668 1386 2907 1431 sanans

514 1470 962 1552 infunditur&

1355 1572 1703 1654 Evolvitnr
1746 1588 2058 1671 definitio.

598 1728 1011 1792 Paenitentia
1052 1735 1149 1791 est
1191 1736 1668 1791 sacramentum
1709 1727 1780 1789 N
1784 1748 1943 1791 ovae
1986 1726 2199 1809 Leqis.
2242 1763 2330 1775 --
2372 1727 2548 1792 Huic
2590 1729 2905 1792 vocabulo

515 1830 1076 1896 “sacramentum”
1157 1830 1378 1895 variae
1462 1840 1614 1894 sunt
1698 1829 2222 1911 significationeS,
2305 1851 2470 1912 quae
2555 1841 2919 1896 noscantur.
2986 1834 3004 1847 ‘

514 1946 792 2017 oportet,
825 1946 898 2000 ut
931 1935 1024 1999 sic
1056 1934 1298 1999 vitetur
1331 1934 1656 2009 confusi0‚
1689 1934 1951 2017 cognito
1987 1954 2181 1999 sensu
2216 1934 2284 1997 in
2319 1955 2449 2017 quo
2486 1934 2763 1999 sumitur
2799 1934 2904 1998 hic

513 2038 893 2121 hujusmodi
932 2039 1222 2103 verbum.

598 2160 1001 2241 Antiquitu5‚
1047 2157 1429 2240 praesertim
1474 2159 1649 2240 apud
1694 2158 2017 2240 profanos
2062 2169 2380 2234 auctoreS,
2429 2168 2905 2223 sacramentum

515 2263 916 2344 significabat
953 2262 1302 2344 aliquando
1338 2262 1802 2344 juramentum,
1842 2263 1944 2326 vel
1984 2262 2180 2325 etiam
2222 2262 2586 2342 depositum
2625 2282 2903 2337 sacrum,

515 2367 554 2430 i.
605 2388 682 2442 e.,
730 2366 1091 2448 pecuniam,
1140 2386 1335 2447 quam
1386 2366 1709 2447 litigantes
1757 2366 1838 2429 de
1888 2366 2103 2447 aliqua
2154 2386 2223 2430 re
2272 2365 2680 2447 deponebant
2728 2365 2902 2447 apud

512 2470 903 2552 pontificem,
948 2490 1026 2534 eo
1065 2480 1256 2551 pacto
1298 2480 1370 2534 ut
1413 2470 1622 2533 victus
1665 2490 1851 2533 suam
1894 2469 2283 2551 relinqueret
2324 2479 2576 2551 partem
2618 2470 2701 2533 ad
2746 2490 2903 2534 usus

512 2595 752 2639 sacros.
843 2573 974 2637 Hic
1020 2594 1152 2638 non
1197 2574 1510 2656 accipitur
1555 2573 1857 2656 praefata
1902 2594 2034 2637 vox
2081 2593 2275 2637 sensu
2322 2572 2904 2638 indicato.—Anti-

511 2678 731 2761 quitus
773 2678 990 2752 etiam,
1030 2679 1204 2760 apud
1247 2677 1712 2742 ecclesiasticos
1751 2677 2101 2758 scriptores
2141 2675 2542 2758 praesertim,
2584 2696 2718 2740 vox
2760 2676 2903 2740 “sa-

511 2781 958 2847 cramentum”
1013 2781 1387 2845 sumebatur
1440 2802 1560 2863 pro
1612 2782 1831 2862 aliquo
1882 2780 2069 2861 siyno
2124 2800 2331 2856 sacro,
2385 2799 2507 2861 pro
2562 2780 2777 2861 aliqua
2830 2800 2902 2843 re

510 2906 717 2961 sacra,
772 2887 875 2949 vel
932 2885 1128 2949 etiam
1183 2904 1305 2965 pro
1359 2885 1578 2967 aliquo
1632 2886 1765 2947 ritu
1819 2905 2005 2949 sacro
2063 2894 2125 2947 et
2184 2884 2557 2966 symbolica,
2614 2892 2727 2946 aut
2782 2903 2904 2965 pro

512 2989 728 3070 aliqua
772 2988 1068 3052 doctrina
1110 2988 1415 3068 reliyiosa
1457 2996 1520 3051 et
1564 2996 1832 3063 secreta,
1879 3008 2044 3068 quae
2089 2987 2243 3051 solis
2289 2986 2559 3051 initiatis
2606 3006 2719 3051 seu
2765 2986 2903 3067 jam

511 3092 852 3174 baptizatis
908 3113 948 3156 a
999 3091 1303 3174 pontifice
1360 3092 1861 3173 proponebatur.
1939 3090 2071 3154 Hic
2126 3090 2406 3155 sumitur
2458 3110 2593 3157 vox
2648 3090 2902 3153 “sacra-

512 3196 865 3272 mentum'',
917 3205 1236 3277 quatenus
1287 3194 1606 3276 significat
1660 3194 1917 3276 signum
1972 3215 2248 3269 sacrum,
2304 3214 2440 3257 rem
2496 3214 2746 3257 sacram
2799 3192 2901 3255 vel

514 3299 730 3363 ritum·
773 3320 1050 3363 sacrum.
1157 3299 1469 3362 Attamen
1531 3299 1890 3362 notandum
1953 3308 2051 3362 est
2113 3299 2289 3379 quod
2351 3296 2707 3378 antiquitus
2769 3316 2903 3359 vox

514 3402 1093 3479 “sacramentum”,
1134 3402 1329 3466 etiam
1369 3402 1630 3485 quando
1672 3402 1992 3483 significat
2034 3422 2171 3465 rem
2216 3422 2486 3476 sacram,
2530 3399 2904 3467 sumebatur

515 3517 627 3570 aut
672 3526 794 3588 pro
843 3506 1124 3587 qualibet
1173 3526 1264 3581 re,
1314 3527 1715 3587 quocumque
1767 3506 1961 3569 modo
2012 3526 2215 3579 sacra,
2264 3515 2378 3568 aut
2428 3525 2549 3586 pro
2600 3524 2671 3567 re
2719 3521 2904 3567 sacra

511 3619 828 3686 sacrante,
858 3630 1022 3692 quae
1053 3631 1163 3686 sc„
1190 3610 1519 3674 hominem
1548 3610 2010 3690 sanctificabat,
2042 3629 2157 3673 seu
2185 3628 2349 3689 quae
2380 3628 2599 3673 secum
2628 3605 2904 3669 habebat

510 3714 819 3779 virtutem
850 3714 1127 3794 gratiam
1161 3714 1667 3779 sanctificantem
1701 3712 1947 3779 homini
1982 3712 2383 3776 conferendi.

599 3835 677 3897 In
715 3834 1039 3916 praesenti
1079 3834 1320 3915 scripto
1357 3856 1492 3898 vox
1530 3833 2088 3898 “sacramentum”
2128 3832 2406 3896 sumitur
2445 3853 2565 3914 pro
2606 3851 2675 3895 re
2718 3850 2902 3895 sacra

511 3947 806 4003 sacrante
858 3959 972 4003 seu
1022 3948 1339 4020 quatenus
1389 3938 1748 4003 sanctificat
1798 3937 2126 4001 hominem
2174 3956 2290 4018 per
2341 3936 2616 4017 gratiam
2667 3933 2902 3998 sancti-

512 4041 849 4118 ficantem;
890 4063 1056 4124 quae
1101 4062 1204 4106 res
1248 4041 1580 4106 Christum
1627 4041 1984 4105 Dominum
2027 4040 2219 4103 habet
2263 4048 2612 4103 auctorem.
2702 4038 2789 4101 Et
2836 4038 2901 4099 in

510 4145 634 4211 hoc
707 4166 899 4210 sensu
972 4145 1255 4227 theologi
1329 4146 1757 4209 communiter
1834 4144 1927 4209 sic
2000 4152 2475 4208 sacramentum
2550 4140 2900 4206 definiunt:

510 4247 792 4329 Siynnm
817 4248 1139 4324 sensibile,
1166 4248 1413 4328 qratiae
1439 4246 1942 4329 siqnificativum
1971 4255 2033 4309 et
2061 4244 2538 4326 productivum,
2568 4264 2611 4307 a
2642 4243 2900 4308 Christo

511 4359 966 4431 permanenter
1007 4350 1396 4415 institutum.
2420 4350 2425 4353 ’

598 4459 1092 4524 Sacramentum
1144 4469 1244 4523 est
1295 4459 1573 4541 siqnum,
1627 4444 1779 4539 quia
1833 4457 2019 4522 nobis
2072 4457 2312 4521 indicat
2366 4456 2673 4530 exter-im,
2727 4452 2901 4535 quod

510 4699 556 4754 C
594 4630 650 4668 ⁵5
671 4630 794 4686 cfr.
829 4632 994 4753 Dgssff'
1029 4631 1124 4686 Ad
1155 4633 1468 4693 Armenos;
1507 4629 1676 4685 Cone.
1710 4628 1868 4683 Trid.
1905 4646 2038 4683 sess,
2076 4630 2153 4693 14,
2188 4646 2306 4682 can.
2344 4628 2389 4691 1,
2426 4637 2481 4682 et
2515 4624 2713 4682 Codex
2744 4623 2901 4692 Juris

559 4718 662 4764 an..
699 4718 820 4755 can.
960 4742 972 4754 .
