3509 5267
909 516 1007 578 De
1048 517 1102 578 C
1104 514 1345 579 lovium
1378 516 1732 579 Potestatis
1769 517 2137 579 Existentia
2174 518 2389 599 Atque
2426 518 2703 583 Natura.
2964 520 3007 583 9

616 719 875 763 necesse
902 709 1000 763 est
1027 708 1098 763 ut
1126 698 1526 780 concipiatur
1554 698 1776 762 divina
1804 700 1887 763 ad
1890 700 2160 780 juvante
2188 702 2417 782 gratia,
2446 712 2712 785 propter
2740 704 3005 783 aliquod

617 804 932 866 motivum
985 802 1171 867 nobis
1221 822 1338 883 per
1389 802 1583 865 fidem
1636 803 2062 884 propositum.
2160 802 2503 886 Quaenam
2558 806 2686 870 sint
2739 806 3007 881 motiva,

617 905 795 969 inira
831 906 1099 970 dicetur.

701 1015 885 1079 Haec
921 1016 1216 1079 doctrina
1248 1017 1439 1098 plane
1473 1016 1788 1097 pleneque
1825 1017 2137 1098 probatur
2174 1017 2241 1081 in
2280 1018 2496 1083 Tract.
2536 1019 2618 1083 de
2656 1019 2902 1095 Gratia,
2942 1029 3006 1083 et

617 1128 868 1182 constat
913 1138 997 1181 ex
1041 1117 1334 1183 dissertis
1379 1118 1706 1183 Ecclesiae
1751 1118 2311 1184 declarationibus⁸
2403 1121 2525 1197 Ita,
2567 1144 2631 1187 v.
2678 1143 2759 1203 g„
2807 1123 3005 1188 Cone.

616 1222 1094 1285 Arausicanum
1133 1222 1222 1297 II,
1256 1243 1396 1286 can.
1433 1226 1494 1297 4,
1529 1223 1716 1286 docet
1754 1223 2081 1287 hominem
2118 1245 2157 1288 a
2194 1225 2336 1289 Deo
2372 1225 2658 1306 recipere
2694 1246 2826 1289 non
2862 1235 3005 1290 tan-

615 1334 755 1388 tum
781 1326 1236 1406 purgationem
1261 1335 1695 1407 peccatorum,
1725 1327 1839 1390 sed
1871 1327 2065 1390 etiam
2096 1327 2309 1409 ipsum
2338 1328 2645 1393 volutatis
2674 1329 3008 1405 affectum,

617 1448 744 1509 quo
770 1428 1034 1508 purgari
1060 1439 1360 1508 peccator
1385 1430 1558 1492 vult:
1609 1428 1724 1492 “Si
1752 1429 1897 1509 quis
1924 1440 1997 1493 ut
2024 1452 2063 1493 a
2086 1441 2350 1511 peccato
2376 1451 2751 1513 purgemur,
2778 1433 3007 1497 volun-

617 1539 815 1593 tatem
857 1540 1146 1594 nostram
1191 1531 1404 1594 Deum
1447 1541 1824 1612 exspectare
1867 1533 2217 1608 contendit,
2262 1554 2393 1597 non
2436 1543 2653 1598 autem
2694 1546 2768 1599 ut
2811 1536 3006 1598 etiam

615 1634 880 1714 purgari
924 1633 1218 1709 velimus,
1259 1654 1376 1715 per
1419 1634 1702 1715 Spiritus
1747 1635 1969 1700 Sancti
2014 1636 2414 1704 infusionem
2456 1648 2520 1702 et
2564 1639 3007 1720 operationem

619 1736 684 1798 in
726 1737 911 1800 nobis
954 1737 1091 1799 fieri
1138 1737 1543 1813 confitemur,
1587 1739 1829 1803 resistit
1871 1739 1992 1821 ipsi
2040 1740 2311 1822 Spiritui
2358 1740 2619 1817 Sanct0,
2660 1762 2777 1823 per
2823 1742 3008 1806 Salo-

619 1861 875 1904 monem
918 1841 1190 1904 dicenti:
1279 1842 1737 1923 ‘Praeparatur
1781 1844 2081 1908 voluntas
2125 1865 2165 1907 a
2210 1845 2533 1920 Domino’‚
2578 1855 2643 1909 et
2686 1846 3007 1927 Apostolo

619 1944 961 2008 salubriter
997 1946 1430 2025 praedicanti:
1514 1947 1714 2011 ‘Deus
1755 1955 1871 2023 est,
1913 1948 2022 2028 qui
2062 1956 2369 2029 operatur
2409 1949 2477 2011 in
2515 1949 2701 2013 nobis
2742 1959 2807 2013 et
2842 1949 3009 2012 velle

620 2056 683 2110 et
732 2047 1042 2129 perficere
1091 2069 1212 2130 pro
1263 2050 1433 2113 bona
1482 2049 1837 2114 voluntate'
1862 2050 1979 2114 ’'21.
2078 2051 2185 2113 Ex
2236 2050 2555 2133 praefatis
2606 2052 2823 2116 verbis
2876 2072 3008 2115 non

617 2161 869 2215 tantum
905 2152 1180 2216 habetur
1215 2153 1355 2234 ipsa
1392 2154 1706 2228 doctrina,
1747 2155 1859 2217 sed
1899 2155 2093 2217 etiam
2131 2155 2461 2219 damnatio
2501 2156 2854 2219 sententiae
2892 2176 3009 2236 op-

617 2255 902 2334 positae;
940 2277 1136 2337 quarn
1175 2257 1656 2320 damnationem
1698 2258 1929 2339 repetit
1972 2258 2026 2322 C
2027 2279 2167 2323 onc.
2212 2256 2411 2334 Trid„
2452 2279 2607 2322 sess‚
2652 2261 2710 2333 6,
2748 2278 2889 2323 can.
2934 2261 3006 2320 3:

621 2358 730 2423 “S.
783 2381 841 2440 q.
896 2359 978 2434 d„
1033 2360 1170 2424 sine
1220 2361 1674 2440 praeveniente
1728 2361 2012 2442 Spiritus
2066 2362 2287 2426 Sancti
2340 2362 2763 2444 inspiratione
2813 2372 3007 2443 atque

618 2462 764 2543 ejus
808 2463 1140 2544 adjutorio
1183 2464 1512 2528 hominem
1555 2466 1839 2540 credere,
1883 2485 2163 2546 sperare,
2210 2464 2476 2546 diligere
2520 2477 2633 2530 aut
2677 2466 3007 2546 poenitere

616 2587 827 2647 posse,
867 2567 1033 2631 sicut
1071 2578 1345 2649 oportet,
1398 2567 1474 2648 (i.
1515 2589 1592 2643 e.‚
1632 2567 2274 2650 supernaturaliter),
2314 2580 2387 2633 ut
2426 2570 2486 2633 ei
2526 2568 3009 2650 justificationis

618 2670 827 2751 gratia
869 2670 1269 2747 conferatur,
1311 2670 1393 2735 A.
1440 2672 2125 2737 S.”²².—Instantibus
2168 2672 2506 2736 haereticis
2550 2673 2617 2735 in
2659 2672 3009 2735 asserenda

620 2774 998 2838 sufficientia
1025 2775 1459 2856 poenitentiae
1488 2776 1802 2839 naturalis
1833 2776 2252 2841 Innocentius
2282 2776 2387 2839 XI
2418 2776 2749 2857 respondit
2781 2794 3008 2839 eorum

620 2878 1004 2941 sententiam
1052 2880 1286 2943 iterum
1335 2880 1722 2942 damnando,
1816 2879 1921 2942 En
1967 2880 2326 2961 propositio
2374 2880 2711 2941 damnata:
2804 2879 3007 2942 “Pro-

618 2979 826 3046 babile
870 2992 967 3046 est
1013 2982 1302 3068 sufficere
1348 2984 1745 3049 attritionem
1792 2984 2173 3057 naturalem,
2221 2983 2415 3047 modo
2461 2980 2921 3045 honestam'’²³.

705 3102 934 3183 Neque
979 3103 1217 3166 mirum
1265 3114 1363 3167 est
1412 3103 1769 3167 Ecclesiam
1816 3113 2153 3183 tantopere
2200 3103 2497 3167 insistere
2547 3102 2613 3165 in
2660 3102 3008 3166 asserenda

618 3206 1051 3286 poenitentiae
1105 3208 1750 3288 supernaturalitate;
1804 3207 1956 3288 quia
2008 3206 2304 3288 quamvis
2358 3207 2521 3270 ordo
2576 3205 2888 3270 naturalis
2942 3214 3008 3268 et

619 3310 783 3373 ordo
817 3311 1324 3389 supernaturalis
1360 3311 1528 3374 inter
1563 3332 1703 3375 sese
1737 3310 2002 3375 minime
2036 3318 2447 3392 opponantur
2493 3309 2799 3391 (uterque
2833 3308 3015 3379 enim¹

607 3432 659 3486 ‚a
695 3413 836 3476 Deo
870 3412 1189 3494 provenit,
1227 3425 1291 3478 et
1328 3415 1506 3479 Deus
1545 3415 1664 3478 sibi
1703 3414 2144 3501 contradicere
2181 3414 2423 3496 nequit,
2462 3435 2609 3477 cum
2648 3413 2731 3477 sit
2767 3412 3009 3477 veritas

619 3514 937 3595 infinita),
973 3524 1191 3579 tamen
1225 3518 1415 3598 plane
1451 3517 1957 3599 distinguuntur.
2040 3516 2233 3580 Hanc
2272 3516 2749 3581 distinctionem
2789 3516 3009 3579 claris-

622 3616 781 3681 sime
823 3618 1144 3683 Dominus
1187 3629 1408 3683 noster
1449 3620 1640 3701 Jesus
1686 3619 1985 3684 Christus
2028 3620 2252 3684 statuit
2293 3640 2409 3701 per
2452 3619 2649 3683 verba
2693 3620 2801 3681 illa
2843 3638 3007 3699 quae

621 3721 703 3783 ad
758 3731 1015 3785 sanctos
1067 3720 1420 3803 Apostolos
1473 3724 1787 3804 nobisque
1839 3724 2083 3805 pariter
2136 3722 2337 3786 dixit:
2436 3722 2634 3786 “Sine
2688 3742 2792 3785 me
2848 3721 3007 3783 nihil

621 3824 892 3903 potestis
947 3824 1286 3891 facere”²⁴.
1384 3827 1564 3890 Nihil
1619 3828 1913 3890 naturale
1966 3827 2105 3890 sine
2159 3826 2280 3888 Dei
2335 3846 2653 3889 concursu
2707 3825 3009 3899 naturali,

622 3925 780 3989 nihil
812 3930 1301 4009 supernaturale
1335 3930 1473 3993 sine
1507 3929 1748 4000 Christi
1781 3930 1991 4010 gratia
2022 3929 2263 4003 divina,
2294 3928 2491 3992 homo
2527 3928 2742 3999 facere
2774 3935 3006 4008 potest.

623 4027 818 4093 “Sive
865 4050 1019 4112 ergo
1064 4052 1300 4113 parurn
1344 4032 1480 4097 sive
1526 4032 2369 4107 multum,—concludamus
2418 4052 2567 4094 cum
2617 4032 2697 4094 D.
2745 4031 3009 4111 Augus-

622 4131 1003 4207 tin0,—sine
1039 4134 1148 4199 illo
1183 4135 1322 4198 fieri
1359 4157 1490 4200 non
1525 4147 1756 4218 potest,
1795 4137 1932 4201 sine
1968 4156 2097 4217 quo
2132 4136 2291 4198 nihil
2327 4134 2467 4197 fieri
2505 4133 2839 4216 potest'’²⁵.

703 4315 756 4353 2¹
777 4317 1136 4384 Denz.-Ban.‚
1169 4318 1536 4373 Enchiridion
1570 4319 1981 4385 symbolorum,
2013 4338 2064 4373 n.
2099 4320 2192 4374 177
2233 4319 2500 4385 (Semper
2531 4320 2734 4373 citatur
2766 4316 2894 4373 edit.
2928 4318 3011 4381 11,

621 4385 727 4437 nisi
766 4386 920 4440 aliud
957 4388 1238 4452 notetur).

703 4457 936 4525 221bid.‚
977 4479 1028 4516 n.
1069 4462 1198 4524 813;
1241 4461 1347 4516 cfr.
1387 4480 1439 4518 n.
1479 4458 1592 4517 797.

703 4530 761 4644 ἔξ
777 4534 1057 4672 }l()>id.l,5n.5
1071 4535 1214 4589 1207.

703 4651 984 4748 ²⁵Rouet:
1023 4652 1390 4739 Enchiridion
1436 4684 1815 4750 Patristicum,
1859 4703 1911 4739 n.
1958 4686 2085 4739 1835
2138 4686 2392 4751 (Citatur
2436 4686 2565 4742 edit.
2611 4686 2696 4749 l).
