3509 5267
485 545 571 610 86
790 548 892 611 De
928 546 984 612 C
984 546 1226 610 lovium
1260 546 1615 613 Potestatis
1648 547 2023 612 Existentio
2055 548 2272 629 Atque
2309 549 2589 615 Natura.

572 728 669 794 Ut
705 728 965 793 videtur
1002 749 1159 810 ergo
1194 749 1329 793 non
1366 727 1581 811 agitur
1617 730 1882 812 proprie
1915 731 2003 796 de
2043 718 2184 814 ipsa
2203 743 2541 816 ’potestate
2579 734 2882 812 clavium,

490 831 605 896 sed
653 830 871 913 potius
918 831 999 894 de
1048 831 1491 912 dispositione,
1540 832 1733 914 juxta
1785 833 1929 898 illos
1982 833 2436 911 Scholasticos,
2483 837 2570 900 ad
2619 837 2881 904 confes-

489 933 739 999 sionem
785 933 1112 1015 requisita,
1159 945 1223 999 et
1268 934 1348 999 de
1395 934 1914 1001 reconciliatione
1962 936 2361 1020 remissionis
2395 958 2556 1005 ‘cum
2604 938 2881 1023 subjecti

488 1035 929 1118 dispositione.
1037 1036 1205 1101 Cum
1268 1058 1353 1101 ex
1419 1037 1591 1102 falso
1652 1039 1974 1121 principio
2029 1040 2469 1122 processerint
2533 1043 2722 1125 pauci
2788 1044 2879 1107 illi

492 1138 892 1213 Scholastici,
972 1160 1081 1214 sc„
1158 1140 1496 1204 oeritatem
1574 1141 1897 1222 exigendo
1975 1152 2308 1225 tamquam
2390 1144 2880 1226 dispositionem

490 1241 920 1307 necessariam
966 1261 1089 1324 pro
1135 1242 1570 1318 confessione,
1620 1243 1769 1309 ideo
1817 1245 1902 1309 ad
1953 1245 2191 1310 falsam
2238 1247 2719 1311 conclusionem
2770 1248 2881 1312 de-

488 1354 826 1418 venerunt,
894 1365 1006 1419 sc.,
1074 1345 1158 1409 ad
1228 1346 1611 1410 sententiam
1682 1347 1765 1411 de
1834 1347 1974 1412 sola
2004 1371 2011 1376 ·
2041 1349 2411 1413 ostensione
2484 1351 2881 1416 remissionis

487 1446 732 1527 peccati
777 1457 842 1510 et
882 1447 967 1511 ad
1011 1448 1395 1512 sententiam
1439 1450 1520 1513 de
1564 1450 1944 1515 remissione
1985 1470 2252 1533 poenae.

558 1555 653 1617 ·In
712 1554 832 1619 hac
890 1556 1267 1637 quaestione
1325 1558 1407 1621 de
1466 1557 1890 1640 dispositione
1949 1559 2225 1641 subjecti
2288 1560 2359 1626 S.
2419 1561 2884 1626 Bonaventura

488 1656 777 1739 carpitur
816 1679 857 1721 a
899 1643 1376 1724 Pohle-Preuss
1414 1670 1481 1724 et
1520 1677 1561 1724 a
1603 1660 1832 1738 Pesch,
1878 1665 1945 1726 1.·
1973 1683 2030 1727 c.
2119 1661 2251 1727 Sed
2292 1664 2571 1746 injuste;
2614 1665 2767 1746 quia
2812 1664 2878 1729 S.

493 1760 951 1824 Bonaventura
996 1773 1129 1825 no'n
1173 1761 1376 1844 exigit
1420 1762 1757 1828 caritatem
1805 1772 2135 1846 tamquam
2181 1766 2617 1831 conditionem
2663 1789 2883 1832 neces-

490 1861 733 1926 sariam
786 1862 871 1926 ad
928 1864 1428 1929 confessionem.
1530 1866 1680 1931 Hoc
1735 1867 1911 1932 clare
1964 1877 2144 1950 patet
2203 1889 2288 1932 ex
2345 1869 2747 1935 discussione
2804 1891 2884 1934 ac

489 1965 809 2028 solutione
850 1964 1071 2047 hujus
1134 1966 1529 2048 quaestionis
1590 1990 1788 2051 quam
1853 1969 1920 2035 S.
1988 1972 2449 2036 Bonaventura
2511 1973 2880 2037 instituit⁰²z

492 2066 642 2129 “An
694 2067 838 2148 quis
888 2069 1108 2149 quoad
1153 2070 1419 2134 modum
1470 2071 1790 2152 obligetur
1838 2073 2134 2147 confiteri
2184 2095 2269 2138 ex
2309 2074 2650 2140 caritate”.
2743 2075 2883 2138 Ad·
2962 2091 2968 2096 ·

493 2174 669 2238 ducit
705 2174 887 2256 prius
928 2174 1211 2239 rationes
1248 2175 1583 2256 exigentes
1620 2176 1978 2251 caritatem,
2014 2193 2177 2258 quas
2216 2187 2443 2260 postea
2480 2163 2595 2241 aut
2634 2177 2884 2260 repellit

493 2277 758 2341 omnino
807 2287 920 2341 aut
968 2277 1057 2340 ita
1107 2277 1388 2358 explica't
1433 2288 1511 2342 ut
1554 2288 1866 2361 appareat
1913 2279 2250 2344 caritatem
2299 2301 2431 2344 non
2482 2280 2722 2362 requiri
2772 2300 2884 2343 ne·
2939 2277 2947 2290 “

494 2379 794 2443 cessario.
888 2381 1172 2463 Ideoque
1219 2400 1351 2444 non
1399 2391 1499 2446 est
1549 2381 1617 2446 S.
1667 2382 1784 2446 Dr.
1832 2403 1954 2464 pro
2002 2381 2124 2446 hac
2171 2393 2375 2464 parte.
2469 2383 2721 2448 Deinde
2771 2383 2882 2446 ad-

493 2482 671 2546 ducit
715 2482 999 2548 rationes
1038 2503 1171 2547 non
1214 2484 1546 2565 exigentes
1585 2485 1944 2560 caritatem,
1986 2495 2052 2550 et
2093 2506 2203 2550 eas
2245 2486 2550 2568 relinquit
2591 2485 2883 2551 intactas,
2916 2568 2922 2573 .

495 2584 673 2666 Ergo
713 2584 780 2648 S.
820 2585 1281 2650 Bonaventura
1315 2586 1438 2651 hoc
1474 2586 1707 2668 agendi
1744 2587 1943 2652 modo
1977 2588 2238 2652 videtur
2273 2589 2619 2654 inclinatus
2658 2591 2886 2654 saltem

495 2687 580 2750 ad
628 2687 996 2769 negativam
1045 2699 1315 2770 partem.
1408 2689 1495 2753 Et
1544 2689 1710 2754 hanc
1758 2691 2128 2773 negativam
2176 2702 2428 2773 partem
2479 2692 2888 2774 amplectitur

499 2788 567 2854 S.
613 2790 729 2854 Dr.
773 2790 841 2853 in
879 2791 1325 2855 conclusione:
1412 2791 2236 2876 “Conced0,—ait,—quod
2281 2816 2410 2860 non
2455 2804 2552 2859 est
2595 2815 2888 2859 necessa-

492 2891 686 2968 rium,
733 2913 849 2956 nec
896 2893 1219 2975 obliyatur
1264 2894 1410 2975 quis
1458 2915 1577 2959 con
1578 2895 1751 2975 fiteri
1797 2916 1884 2960 ex
1931 2897 2218 2972 caritate,
2266 2897 2380 2962 sed
2428 2908 2686 2962 tenetur
2715 2918 2886 2962 ¹con-

495 2995 662 3059 fiteri
701 2997 803 3059 vel
842 3015 926 3058 ex
961 2997 1249 3072 caritate,
1288 2999 1390 3061 vel
1428 3018 1513 3061 ex
1551 2998 1975 3080 dispositione
2012 3000 2099 3063 ad
2135 3000 2472 3064 caritatem
2511 3001 2889 3075 sufficiente,

496 3098 599 3161 vel
652 3098 1007 3162 secundum
1059 3099 1597 3181 probabilitatem,
1650 3101 1753 3165 vel
1810 3100 2166 3167 secundum
2218 3102 2620 3168 veritatem”.
2718 3102 2890 3167 Aliis

495 3200 731 3276 verbis,
790 3201 844 3276 si
904 3201 1242 3282 poenitens
1284 3201 1534 3267 habeat
1590 3204 1948 3280 caritatem,
2007 3205 2284 3286 optime;
2346 3205 2400 3269 si
2463 3227 2594 3271 non
2654 3206 2889 3270 habeat

496 3303 852 3378 caritatem,
907 3305 1257 3386 requiritur
1308 3315 1383 3369 ut
1433 3306 1651 3387 aliquo
1704 3307 1900 3371 modo
1953 3306 2065 3372 “se
2117 3309 2420 3391 disponat
2473 3309 2557 3372 ad
2609 3309 2885 3390 gratiam

495 3418 613 3490 per
678 3410 967 3473 omnium
1030 3419 1445 3490 peccatorum
1506 3411 2020 3477 detestationem.
2105 3410 2361 3493 Quodsi
2427 3432 2497 3476 se
2561 3433 2692 3476 non
2756 3412 2886 3476 dis-

496 3512 699 3594 ponit,
745 3512 944 3577 immo
988 3533 1137 3577 cum
1177 3515 1509 3578 voluntate
1554 3513 1865 3594 peccandi
1907 3514 2190 3590 accedit3
2235 3513 2400 3589 dico,
2446 3515 2622 3595 quod
2666 3524 2888 3596 peccat

497 3615 874 3691 mortaliter,
920 3615 1071 3697 quia
1117 3615 1611 3680 Sacramentum
1654 3616 1913 3680 irritum
1958 3615 2137 3692 facit,
2183 3627 2498 3698 quantum
2544 3604 2612 3680 in
2654 3639 2724 3681 se
2769 3625 2886 3691 est,

382 3804 385 3806 Ὗ
497 3728 562 3781 et
603 3718 726 3782 hoc
767 3732 903 3781 non·
942 3727 1040 3782 est
1084 3718 1223 3782 sine
1264 3729 1674 3801 contemptu;
1719 3720 1893 3783 unde
1937 3729 2192 3782 tenetur
2239 3719 2473 3784 iterum
2521 3720 2755 3784 reverti
2803 3719 2887 3783 ad

500 3821 901 3884 sacerdotem
954 3831 1017 3884 et
1070 3830 1288 3903 petere
1343 3820 1877 3888 absolutionem”.
1973 3822 2177 3903 Juxta
2235 3822 2302 3886 S.
2362 3823 2888 3887 Bonaventuram

498 3942 654 4004 ergo
692 3943 823 3987 non
859 3923 1209 4004 requiritur
1246 3925 1483 3988 caritas
1520 3934 1852 4006 tamquam
1889 3924 2175 3988 conditio
2215 3925 2578 3989 necessaria
2615 3925 2699 3988 ad
2737 3945 2888 3989 con-

504 4024 890 4101 fessionem;
944 4025 1178 4090 sufficit
1231 4026 1572 4092 detestatio
1622 4026 1868 4108 peccati
1922 4037 1987 4091 et
2039 4027 2341 4092 voluntas
2395 4048 2528 4092 non
2580 4026 2887 4110 peccandi

499 4128 581 4190 de
638 4138 871 4192 ceter0.
977 4129 1130 4192 Non
1187 4128 1372 4193 adest
1430 4149 1586 4211 ergo
1646 4129 1834 4204 ratio,
1894 4149 2011 4193 cur
2069 4129 2354 4211 praefati
2414 4139 2712 4194 auctores
2772 4129 2890 4191 im-

498 4240 785 4310 pugnent
831 4230 897 4295 S.
943 4231 1490 4307 Bonaventuram,
1532 4252 1680 4296 cum
1726 4232 1792 4306 S.
1838 4232 1954 4297 Dr.
1997 4231 2218 4314 exigat
2257 4233 2681 4308 conditioneS,
2724 4251 2890 4313 quae

499 4332 581 4395 ab
623 4333 921 4398 omnibus
965 4334 1335 4415 exiguntur.
1448 4389 1451 4392 ,

588 4440 718 4505 Sed
756 4441 863 4523 obj
872 4441 1072 4505 iciunt
1110 4451 1408 4506 auctores
1445 4441 1658 4506 citati:
1745 4442 1812 4508 S.
1855 4444 2316 4509 Bonaventura
2354 4443 2558 4525 exigit
2597 4442 2890 4507 eamdem

499 4543 988 4624 dispositionem
1013 4563 1135 4625 pro
1161 4543 1575 4608 confessione
1599 4565 1676 4638 ac
1703 4565 1826 4627 pro
1857 4545 2030 4610 Sma.
2062 4546 2473 4611 Eucharistia
2504 4545 2890 4627 recipienda.

581 4709 634 4750 ⁸¹
656 4711 990 4778 Quaracchi,
1026 4721 1160 4768 tom.
1203 4713 1303 4779 IV,
1340 4731 1465 4779 pag.
1501 4714 1601 4768 41-ss
1640 4731 1695 4768 ss
