3509 5267
880 545 986 606 De
1021 542 1319 606 clavium
1352 541 1707 605 Potestatis
1741 540 2111 604 Existentia
2145 540 2363 620 Atque
2401 540 2678 603 Natura.
2858 542 2979 604 107

670 726 740 807 c)
791 727 945 789 Non
983 747 1132 789 raro
1171 725 1611 789 difficultatem
1648 744 1952 804 magnam
1989 723 2430 787 conversionis
2469 723 2771 788 efferunt.

670 829 749 910 d)
810 829 1017 910 Saepe
1063 849 1317 909 quoque
1366 828 1587 891 dicunt
1633 836 1969 907 peccatum
2017 826 2279 906 aliquod
2326 847 2467 889 esse
2517 826 2979 902 irremissibile,

585 933 735 1014 quia
776 942 1042 1013 propter
1082 931 1533 994 enormitatem
1574 950 1760 993 suam
1802 939 2087 992 meretur
2126 949 2258 991 non
2301 929 2601 992 remitti.”

671 1035 872 1098 Hisce
924 1033 1591 1097 animadversionibus
1644 1033 1944 1095 addenda
1994 1032 2251 1095 videtur
2302 1032 2460 1095 haec
2509 1032 2669 1095 alia:
2769 1031 2976 1113 Saepe

587 1137 717 1201 ΡΡ.
764 1139 1117 1218 loquuntur
1161 1138 1241 1200 de
1285 1136 1681 1217 poenitentia
1725 1135 1981 1216 publica
2024 1145 2104 1198 et·
2134 1135 2460 1210 canonica,
2505 1155 2670 1214 quae
2715 1135 2974 1198 nonnisi

583 1242 782 1304 semel
822 1241 1085 1304 concedi
1132 1239 1394 1315 solebat,
1440 1249 1511 1303 ut
1558 1239 1697 1302 fere
1739 1260 1873 1302 uno
1914 1259 2027 1301 ore
2073 1237 2204 1302 ΡΡ.
2249 1238 2371 1319 ipsi
2414 1248 2753 1301 testantur.
2845 1237 2974 1301 Sed

583 1343 740 1406 haec
780 1343 1175 1424 poenitentia
1215 1342 1416 1423 probe
1460 1342 1916 1422 distinguenda
1958 1351 2055 1404 est
2096 1362 2136 1404 a
2178 1341 2574 1421 poenitentia
2615 1341 2870 1420 privata
2910 1349 2974 1402 et

584 1455 849 1521 secreta,
882 1466 1047 1526 quae
1079 1445 1550 1509 concedebatur
1582 1445 2111 1525 quotiescumque
2146 1443 2508 1507 necessaria
2541 1454 2698 1518 erat,
2732 1454 2805 1507 ut
2838 1443 2992 1523 Jam

583 1549 769 1611 docet
829 1548 1179 1628 Origenes:
1258 1548 1380 1610 “In
1434 1547 1841 1628 gravioribus
1889 1597 1902 1609 .
1952 1597 1965 1610 .
2014 1597 2027 1609 .
2085 1545 2462 1610 criminibus
2530 1546 2686 1627 (pro
2743 1544 2976 1626 quibus

580 1651 836 1732 publica
874 1651 1269 1732 poenitentia
1310 1661 1551 1714 statuta
1592 1650 1766 1730 erat)
1819 1651 2015 1714 semel
2054 1659 2309 1712 tantum
2349 1648 2781 1730 poenitentiae
2822 1669 2976 1712 con-

583 1754 832 1817 ceditur
877 1755 1091 1829 locus;
1135 1754 1259 1817 ista
1298 1774 1456 1817 vero
1499 1753 1887 1827 communia,
1933 1773 2096 1832 quae
2145 1752 2520 1832 frequenter
2563 1750 2974 1825 incurrimuS,

580 1867 838 1937 semper
893 1857 1356 1937 poenitentiam
1416 1856 1733 1937 recipiunt
1792 1866 1855 1919 et
1913 1855 2050 1920 sine
2110 1855 2585 1919 intermissione
2647 1853 2975 1922 redimun-

581 1959 831 2023 tur”¹⁰³.
908 1960 994 2023 Et
1025 1960 1092 2022 in
1123 1959 1363 2034 homil.,
1398 1963 1454 2035 2,
1491 1960 1556 2022 in
1592 1960 1698 2022 Ps.
1734 1963 1834 2033 37,
1872 1963 1984 2033 19;
2021 1959 2268 2038 Migne,
2303 1962 2402 2033 12,
2439 1961 2619 2032 1336,
2653 1957 2976 2038 Origenes

581 2061 878 2126 hortatur
916 2073 1320 2143 peccatorem
1360 2073 1446 2132 ut
1474 2064 1669 2126 vadat
1712 2063 1796 2125 ad
1838 2062 2315 2125 confessarium
2354 2061 2635 2142 peritum
2677 2070 2741 2123 et
2783 2059 2973 2122 mise-

580 2165 920 2239 ricordem,
956 2165 1140 2246 eique
1172 2167 1415 2246 pandat
1450 2176 1695 2229 secreto
1730 2165 2068 2246 proprium
2099 2172 2455 2246 peccatum,
2491 2174 2554 2227 et
2587 2172 2854 2244 paratus
2890 2162 2973 2225 sit

579 2268 662 2330 ad
703 2268 1041 2349 proprium
1085 2268 1462 2349 languorem
1507 2268 1966 2349 exponendum
2011 2267 2120 2329 “in
2163 2277 2484 2330 conventu
2529 2265 2728 2329 totius
2774 2263 2971 2327 eccle-

580 2369 775 2445 siae”,
810 2371 864 2434 si
902 2371 992 2434 sic
1033 2371 1404 2434 faciendum
1436 2370 1762 2452 putaverit
1797 2370 2258 2433 confessarius
2340 2369 2517 2450 Ergo
2554 2367 2796 2448 duplex
2833 2376 2972 2430 erat

579 2472 943 2536 confessio:
1004 2474 1207 2536 altera
1267 2483 1531 2547 secreta,
1593 2473 1797 2536 altera
1856 2471 2147 2553 publica;
2208 2481 2272 2534 et
2332 2462 2663 2535 confessio
2725 2479 2971 2533 secreta

583 2575 986 2656 frequentior
1026 2586 1165 2639 erat
1205 2596 1400 2657 quam
1440 2575 1714 2656 publica.
1801 2574 2084 2656 Quando
2128 2574 2272 2654 quis
2315 2594 2471 2654 ergo
2511 2572 2777 2652 objiciat
2819 2590 2970 2635 con-

583 2676 935 2741 fessionem
983 2681 1183 2742 semel
1230 2688 1558 2759 peractam
1612 2678 1817 2741 fuisse
1869 2677 1936 2739 in
1987 2676 2388 2757 antiquitate,
2442 2675 2970 2755 distinguendum

578 2790 675 2843 est
712 2780 880 2843 inter
917 2781 1378 2861 poenitentiam
1415 2780 1739 2862 publicam
1779 2791 1842 2844 et
1881 2780 2343 2862 poenitentiam
2383 2787 2731 2853 secretam;
2774 2788 2836 2840 et
2880 2776 2969 2839 sic

579 2882 866 2946 solvetur
908 2883 1267 2947 difficultas.

1396 3039 1928 3105 ARTICULUS
2017 3041 2136 3105 VI.

1080 3177 1351 3232 Clavium
1393 3185 1665 3244 potestas
1705 3185 1800 3232 est
1841 3184 2114 3243 potestas
2153 3177 2469 3243 judicialis.

659 3314 962 3378 Vidimus
1008 3333 1199 3376 omne
1244 3333 1512 3393 prorsus
1559 3323 1915 3393 peccatum,
1963 3312 2140 3375 nullo
2189 3321 2480 3393 exceptO,
2529 3312 2727 3374 deleri
2775 3331 2966 3392 posse

573 3437 688 3497 per
728 3416 1008 3479 clavium
1047 3425 1451 3497 potestatem.
1540 3415 1732 3478 Nunc
1773 3415 1958 3478 nobis
2001 3415 2458 3495 inquirendum
2499 3423 2597 3477 est
2640 3415 2962 3494 quomodo

575 3528 959 3581 exerceatur>
1019 3518 1396 3598 hujusmodi
1464 3527 1769 3599 potestas.
1861 3517 2060 3599 Quod
2126 3537 2257 3580 non
2323 3526 2701 3580 exerceatur
2769 3518 2965 3580 modo

572 3621 878 3701 gratios0,
921 3621 1036 3684 sed
1077 3621 1273 3683 modo
1311 3620 1606 3701 judiciali
1644 3620 1980 3702 apparebit
2018 3630 2160 3683 tum
2202 3641 2285 3683 ex
2331 3619 2396 3684 S.
2445 3619 2782 3700 Scriptura
2822 3630 2963 3682 tum

573 3735 661 3785 ex‘
698 3723 763 3788 S.
804 3723 1203 3786 Traditione.

666 3829 801 3910 (A)
845 3830 1172 3892 Probatur
1208 3849 1291 3893 ex
1324 3828 1393 3892 S.
1430 3827 1788 3908 Scriptura.
1825 3863 1911 3872 —
1955 3825 2398 3906 (a)Dominus
2435 3826 2559 3888 ait:
2619 3825 2962 3906 “Quorum

574 3932 949 3995 remiseritis
996 3941 1277 4012 peccata,
1326 3930 1741 3993 remittuntur
1788 3929 1917 4003 eis;
1966 3939 2030 3992 et
2075 3949 2353 4010 quorum
2401 3929 2814 4003 retinueritis,
2863 3948 2962 3990 re-

571 4043 749 4097 tenta
781 4032 991 4097 sunt'’.
1067 4033 1367 4115 Apostoli
1404 4053 1577 4113 erg0,
1613 4032 1805 4112 juxta
1838 4031 2004 4094 hanc
2037 4031 2427 4095 dominicam
2460 4031 2960 4106 concessionem,

570 4156 773 4211 unum
815 4157 899 4198 ex
940 4136 1019 4199 iis
1062 4136 1313 4199 duobus
1361 4136 1577 4198 facere
1620 4143 2005 4216 potuerunt:
2090 4133 2165 4214 a)
2217 4133 2544 4198 remittere
2589 4152 2703 4196 seu
2747 4134 2960 4196 delere

569 4248 902 4318 peccatum
937 4247 1049 4302 aut
1069 4259 1085 4313 ;
1121 4237 1198 4316 b)
1243 4237 1542 4312 retinere,
1580 4256 1693 4300 seu
1728 4235 2063 4317 absolvere
2100 4236 2268 4299 nolle
2302 4236 2597 4317 positive,
2637 4236 2676 4299 i.
2715 4256 2790 4310 e.,
2829 4255 2960 4298 non

570 4341 902 4404 absolvere
951 4350 1217 4422 propter
1264 4340 1525 4420 aliquod
1574 4339 1908 4402 motivum.
2007 4337 2136 4402 Sed
2184 4339 2350 4401 hanc
2402 4339 2778 4401 facultatem
2827 4356 2960 4400 non

570 4452 919 4522 potuerunt
969 4442 1292 4523 Apostoli,
1344 4442 1542 4518 immo
1594 4460 1725 4503 non
1776 4441 2154 4515 debuerunt,
2208 4460 2510 4503 exercere
2558 4461 2680 4521 pro
2732 4440 2957 4514 lubitu,

570 4543 721 4624 quia
750 4565 893 4608 -non
938 4554 1123 4607 erant
1165 4563 1361 4608 causa
1403 4535 1778 4623 principalis
1823 4543 2242 4618 remissionis,
2288 4543 2401 4606 sed
2446 4552 2648 4619 erant·
2674 4552 2958 4605 tantum-

652 4710 735 4750 103
755 4713 836 4768 M.
877 4714 940 4768 P.
985 4712 1062 4778 12,
1104 4713 1217 4767 561.

1190 4959 1222 4987 «2
