<?xml version="1.0" encoding="UTF-8"?>
<!DOCTYPE html PUBLIC "-//W3C//DTD XHTML 1.0 Transitional//EN"
    "http://www.w3.org/TR/xhtml1/DTD/xhtml1-transitional.dtd">
<html xmlns="http://www.w3.org/1999/xhtml" xml:lang="en" lang="en">
 <head>
  <title>
</title>
<meta http-equiv="Content-Type" content="text/html;charset=utf-8" />
  <meta name='ocr-system' content='tesseract 3.04.00' />
  <meta name='ocr-capabilities' content='ocr_page ocr_carea ocr_par ocr_line ocrx_word'/>
</head>
<body>
  <div class='ocr_page' id='page_1' title='image "./declaviumpotest00villgoog_0034.png"; bbox 0 0 3509 5267; ppageno 0'>
   <div class='ocr_carea' id='block_1_1' title="bbox 493 524 2594 605">
    <p class='ocr_par' dir='ltr' id='par_1_1' title="bbox 493 524 2594 605">
     <span class='ocr_line' id='line_1_1' title="bbox 493 524 2594 605; baseline 0 -15"><span class='ocrx_word' id='word_1_1' title='bbox 493 528 578 590; x_wconf 82' lang='lat'>20</span> <span class='ocrx_word' id='word_1_2' title='bbox 796 526 896 589; x_wconf 87' lang='lat' dir='ltr'>De</span> <span class='ocrx_word' id='word_1_3' title='bbox 934 525 990 587; x_wconf 87' lang='lat' dir='ltr'>C</span> <span class='ocrx_word' id='word_1_4' title='bbox 989 524 1231 587; x_wconf 75' lang='lat' dir='ltr'>levium</span> <span class='ocrx_word' id='word_1_5' title='bbox 1265 524 1618 588; x_wconf 66' lang='lat' dir='ltr'>Potes-tatis</span> <span class='ocrx_word' id='word_1_6' title='bbox 1654 524 2023 588; x_wconf 80' lang='lat' dir='ltr'>Existentia</span> <span class='ocrx_word' id='word_1_7' title='bbox 2058 525 2276 605; x_wconf 82' lang='lat' dir='ltr'><em>Atque</em></span> <span class='ocrx_word' id='word_1_8' title='bbox 2313 525 2594 591; x_wconf 80' lang='lat' dir='ltr'>Natura.</span> 
     </span>
    </p>
   </div>
   <div class='ocr_carea' id='block_1_2' title="bbox 481 705 2888 3172">
    <p class='ocr_par' dir='ltr' id='par_1_2' title="bbox 481 705 2888 3172">
     <span class='ocr_line' id='line_1_2' title="bbox 495 705 2887 793; baseline 0.001 -20"><span class='ocrx_word' id='word_1_9' title='bbox 495 719 749 774; x_wconf 87' lang='lat' dir='ltr'>tantum</span> <span class='ocrx_word' id='word_1_10' title='bbox 784 708 852 771; x_wconf 91' lang='lat' dir='ltr'>in</span> <span class='ocrx_word' id='word_1_11' title='bbox 887 708 1045 772; x_wconf 90' lang='lat' dir='ltr'>illud</span> <span class='ocrx_word' id='word_1_12' title='bbox 1082 706 1331 771; x_wconf 86' lang='lat' dir='ltr'>ratione</span> <span class='ocrx_word' id='word_1_13' title='bbox 1363 706 1666 788; x_wconf 88' lang='lat' dir='ltr'>propriae</span> <span class='ocrx_word' id='word_1_14' title='bbox 1703 705 1937 788; x_wconf 88' lang='lat' dir='ltr'>speciei</span> <span class='ocrx_word' id='word_1_15' title='bbox 1974 718 2307 785; x_wconf 89' lang='lat' dir='ltr'>movetur;</span> <span class='ocrx_word' id='word_1_16' title='bbox 2342 720 2407 773; x_wconf 90' lang='lat' dir='ltr'>et</span> <span class='ocrx_word' id='word_1_17' title='bbox 2442 720 2708 793; x_wconf 91' lang='lat' dir='ltr'>propter</span> <span class='ocrx_word' id='word_1_18' title='bbox 2742 712 2887 787; x_wconf 88' lang='lat' dir='ltr'>hoc,</span> 
     </span>
     <span class='ocr_line' id='line_1_3' title="bbox 497 811 2887 894; baseline 0.001 -18"><span class='ocrx_word' id='word_1_19' title='bbox 497 813 622 887; x_wconf 90' lang='lat' dir='ltr'>ille,</span> <span class='ocrx_word' id='word_1_20' title='bbox 675 811 785 894; x_wconf 88' lang='lat' dir='ltr'>qui</span> <span class='ocrx_word' id='word_1_21' title='bbox 839 812 1214 886; x_wconf 88' lang='lat' dir='ltr'>conteritur,</span> <span class='ocrx_word' id='word_1_22' title='bbox 1268 811 1443 874; x_wconf 85' lang='lat' dir='ltr'>dolet</span> <span class='ocrx_word' id='word_1_23' title='bbox 1493 811 1574 874; x_wconf 89' lang='lat' dir='ltr'>de</span> <span class='ocrx_word' id='word_1_24' title='bbox 1625 820 1892 892; x_wconf 87' lang='lat' dir='ltr'>peccato</span> <span class='ocrx_word' id='word_1_25' title='bbox 1944 812 2297 893; x_wconf 88' lang='lat' dir='ltr'>praeterito</span> <span class='ocrx_word' id='word_1_26' title='bbox 2348 823 2414 877; x_wconf 89' lang='lat' dir='ltr'>et</span> <span class='ocrx_word' id='word_1_27' title='bbox 2463 824 2649 878; x_wconf 88' lang='lat' dir='ltr'>cavet</span> <span class='ocrx_word' id='word_1_28' title='bbox 2708 814 2887 879; x_wconf 80' lang='lat' dir='ltr'>futu-</span> 
     </span>
     <span class='ocr_line' id='line_1_4' title="bbox 495 914 2888 996; baseline 0.002 -17"><span class='ocrx_word' id='word_1_29' title='bbox 495 916 662 980; x_wconf 85' lang='lat' dir='ltr'>rum’</span> <span class='ocrx_word' id='word_1_30' title='bbox 687 915 799 979; x_wconf 79' lang='lat'><strong>”⁸⁰.</strong></span> <span class='ocrx_word' id='word_1_31' title='bbox 873 914 1097 978; x_wconf 89' lang='lat' dir='ltr'>Homo</span> <span class='ocrx_word' id='word_1_32' title='bbox 1126 914 1341 996; x_wconf 88' lang='lat' dir='ltr'>itaque</span> <span class='ocrx_word' id='word_1_33' title='bbox 1372 934 1599 978; x_wconf 84' lang='lat' dir='ltr'>revera</span> <span class='ocrx_word' id='word_1_34' title='bbox 1627 914 1966 996; x_wconf 87' lang='lat' dir='ltr'>poenitens</span> <span class='ocrx_word' id='word_1_35' title='bbox 1997 935 2128 979; x_wconf 89' lang='lat' dir='ltr'>non</span> <span class='ocrx_word' id='word_1_36' title='bbox 2160 925 2414 981; x_wconf 91' lang='lat' dir='ltr'>tantum</span> <span class='ocrx_word' id='word_1_37' title='bbox 2447 918 2666 982; x_wconf 90' lang='lat' dir='ltr'>dolere</span> <span class='ocrx_word' id='word_1_38' title='bbox 2698 917 2888 983; x_wconf 89' lang='lat' dir='ltr'>debet</span> 
     </span>
     <span class='ocr_line' id='line_1_5' title="bbox 495 1016 2885 1100; baseline 0.001 -19"><span class='ocrx_word' id='word_1_39' title='bbox 495 1019 576 1083; x_wconf 88' lang='lat' dir='ltr'>de</span> <span class='ocrx_word' id='word_1_40' title='bbox 630 1018 910 1100; x_wconf 89' lang='lat' dir='ltr'>peccatis</span> <span class='ocrx_word' id='word_1_41' title='bbox 963 1016 1346 1091; x_wconf 83' lang='lat' dir='ltr'>commissis,</span> <span class='ocrx_word' id='word_1_42' title='bbox 1403 1018 1517 1081; x_wconf 93' lang='lat' dir='ltr'>sed</span> <span class='ocrx_word' id='word_1_43' title='bbox 1573 1016 1771 1081; x_wconf 85' lang='lat' dir='ltr'>etiam</span> <span class='ocrx_word' id='word_1_44' title='bbox 1830 1017 2017 1081; x_wconf 90' lang='lat' dir='ltr'>debet</span> <span class='ocrx_word' id='word_1_45' title='bbox 2074 1038 2304 1083; x_wconf 90' lang='lat' dir='ltr'>cavere</span> <span class='ocrx_word' id='word_1_46' title='bbox 2366 1019 2609 1084; x_wconf 82' lang='lat' dir='ltr'>futura.</span> <span class='ocrx_word' id='word_1_47' title='bbox 2690 1020 2885 1085; x_wconf 85' lang='lat' dir='ltr'>Unde</span> 
     </span>
     <span class='ocr_line' id='line_1_6' title="bbox 497 1121 2884 1201; baseline 0.001 -16"><span class='ocrx_word' id='word_1_48' title='bbox 497 1122 692 1186; x_wconf 87' lang='lat' dir='ltr'>Cone.</span> <span class='ocrx_word' id='word_1_49' title='bbox 743 1121 946 1197; x_wconf 72' lang='lat' dir='ltr'>Trid„</span> <span class='ocrx_word' id='word_1_50' title='bbox 991 1142 1150 1186; x_wconf 84' lang='lat' dir='ltr'>sess.</span> <span class='ocrx_word' id='word_1_51' title='bbox 1201 1137 1298 1201; x_wconf 85' lang='lat'>14,</span> <span class='ocrx_word' id='word_1_52' title='bbox 1346 1130 1484 1200; x_wconf 82' lang='lat' dir='ltr'>cap.</span> <span class='ocrx_word' id='word_1_53' title='bbox 1535 1136 1595 1200; x_wconf 88' lang='lat'>4,</span> <span class='ocrx_word' id='word_1_54' title='bbox 1645 1122 1835 1185; x_wconf 92' lang='lat' dir='ltr'>docet</span> <span class='ocrx_word' id='word_1_55' title='bbox 1881 1122 2057 1201; x_wconf 92' lang='lat' dir='ltr'>quod</span> <span class='ocrx_word' id='word_1_56' title='bbox 2105 1121 2451 1187; x_wconf 89' lang='lat' dir='ltr'>“contritio</span> <span class='ocrx_word' id='word_1_57' title='bbox 2495 1172 2510 1187; x_wconf 91' lang='lat'>.</span> <span class='ocrx_word' id='word_1_58' title='bbox 2560 1149 2579 1187; x_wconf 58' lang='lat' dir='ltr'>a·</span> <span class='ocrx_word' id='word_1_59' title='bbox 2622 1173 2636 1188; x_wconf 89' lang='lat'><strong>.</strong></span> <span class='ocrx_word' id='word_1_60' title='bbox 2686 1123 2884 1188; x_wconf 87' lang='lat' dir='ltr'>animi</span> 
     </span>
     <span class='ocr_line' id='line_1_7' title="bbox 494 1224 2885 1307; baseline 0.001 -20"><span class='ocrx_word' id='word_1_61' title='bbox 494 1225 681 1289; x_wconf 91' lang='lat' dir='ltr'>dolor</span> <span class='ocrx_word' id='word_1_62' title='bbox 718 1235 816 1288; x_wconf 91' lang='lat' dir='ltr'>est</span> <span class='ocrx_word' id='word_1_63' title='bbox 856 1245 932 1288; x_wconf 91' lang='lat' dir='ltr'>ac</span> <span class='ocrx_word' id='word_1_64' title='bbox 972 1224 1314 1288; x_wconf 89' lang='lat' dir='ltr'>detestatio</span> <span class='ocrx_word' id='word_1_65' title='bbox 1352 1224 1433 1288; x_wconf 94' lang='lat' dir='ltr'>de</span> <span class='ocrx_word' id='word_1_66' title='bbox 1470 1234 1736 1307; x_wconf 87' lang='lat' dir='ltr'>peccato</span> <span class='ocrx_word' id='word_1_67' title='bbox 1776 1224 2147 1299; x_wconf 81' lang='lat' dir='ltr'>commisse,</span> <span class='ocrx_word' id='word_1_68' title='bbox 2189 1246 2336 1289; x_wconf 84' lang='lat' dir='ltr'>cum</span> <span class='ocrx_word' id='word_1_69' title='bbox 2375 1226 2710 1307; x_wconf 80' lang='lat' dir='ltr'>proposito</span> <span class='ocrx_word' id='word_1_70' title='bbox 2752 1249 2885 1290; x_wconf 81' lang='lat' dir='ltr'>non</span> 
     </span>
     <span class='ocr_line' id='line_1_8' title="bbox 491 1327 2883 1410; baseline 0.001 -19"><span class='ocrx_word' id='word_1_71' title='bbox 491 1328 803 1408; x_wconf 80' lang='lat' dir='ltr'>peccandi</span> <span class='ocrx_word' id='word_1_72' title='bbox 855 1329 935 1392; x_wconf 86' lang='lat' dir='ltr'>de</span> <span class='ocrx_word' id='word_1_73' title='bbox 993 1327 1267 1393; x_wconf 77' lang='lat' dir='ltr'>cetero&#39;&#39;.</span> <span class='ocrx_word' id='word_1_74' title='bbox 1347 1327 1540 1391; x_wconf 87' lang='lat' dir='ltr'>Hanc</span> <span class='ocrx_word' id='word_1_75' title='bbox 1597 1327 2005 1392; x_wconf 86' lang='lat' dir='ltr'>contritionis</span> <span class='ocrx_word' id='word_1_76' title='bbox 2064 1327 2563 1410; x_wconf 85' lang='lat' dir='ltr'>descriptionem</span> <span class='ocrx_word' id='word_1_77' title='bbox 2623 1328 2883 1395; x_wconf 88' lang='lat' dir='ltr'>Catech.</span> 
     </span>
     <span class='ocr_line' id='line_1_9' title="bbox 494 1430 2884 1513; baseline 0.001 -19"><span class='ocrx_word' id='word_1_78' title='bbox 494 1431 682 1495; x_wconf 91' lang='lat' dir='ltr'>Rom.</span> <span class='ocrx_word' id='word_1_79' title='bbox 735 1430 827 1495; x_wconf 83' lang='lat' dir='ltr'>sic</span> <span class='ocrx_word' id='word_1_80' title='bbox 853 1430 1149 1495; x_wconf 77' lang='lat' dir='ltr'>evolvit:</span> <span class='ocrx_word' id='word_1_81' title='bbox 1242 1430 1541 1494; x_wconf 88' lang='lat' dir='ltr'>“Natura</span> <span class='ocrx_word' id='word_1_82' title='bbox 1587 1480 1602 1495; x_wconf 92' lang='lat'><strong>.</strong></span> <span class='ocrx_word' id='word_1_83' title='bbox 1650 1480 1664 1494; x_wconf 95' lang='lat'><strong>.</strong></span> <span class='ocrx_word' id='word_1_84' title='bbox 1713 1480 1726 1495; x_wconf 89' lang='lat'><strong>.</strong></span> <span class='ocrx_word' id='word_1_85' title='bbox 1780 1441 1844 1494; x_wconf 92' lang='lat' dir='ltr'>et</span> <span class='ocrx_word' id='word_1_86' title='bbox 1895 1431 2063 1495; x_wconf 89' lang='lat' dir='ltr'>ratio</span> <span class='ocrx_word' id='word_1_87' title='bbox 2111 1431 2300 1513; x_wconf 91' lang='lat' dir='ltr'>plane</span> <span class='ocrx_word' id='word_1_88' title='bbox 2350 1433 2699 1496; x_wconf 90' lang='lat' dir='ltr'>ostendunt</span> <span class='ocrx_word' id='word_1_89' title='bbox 2752 1434 2884 1497; x_wconf 93' lang='lat' dir='ltr'>duo</span> 
     </span>
     <span class='ocr_line' id='line_1_10' title="bbox 493 1533 2881 1617; baseline -0 -19"><span class='ocrx_word' id='word_1_90' title='bbox 493 1535 602 1599; x_wconf 88' lang='lat' dir='ltr'>illa</span> <span class='ocrx_word' id='word_1_91' title='bbox 627 1535 713 1598; x_wconf 90' lang='lat' dir='ltr'>ad</span> <span class='ocrx_word' id='word_1_92' title='bbox 743 1534 1197 1598; x_wconf 86' lang='lat' dir='ltr'>contritionem</span> <span class='ocrx_word' id='word_1_93' title='bbox 1229 1533 1296 1596; x_wconf 89' lang='lat' dir='ltr'>in</span> <span class='ocrx_word' id='word_1_94' title='bbox 1324 1533 1552 1614; x_wconf 88' lang='lat' dir='ltr'>primis</span> <span class='ocrx_word' id='word_1_95' title='bbox 1585 1554 1727 1598; x_wconf 90' lang='lat' dir='ltr'>esse</span> <span class='ocrx_word' id='word_1_96' title='bbox 1755 1534 2140 1609; x_wconf 88' lang='lat' dir='ltr'>necessaria,</span> <span class='ocrx_word' id='word_1_97' title='bbox 2172 1534 2465 1599; x_wconf 88' lang='lat' dir='ltr'>dolorem</span> <span class='ocrx_word' id='word_1_98' title='bbox 2497 1556 2605 1611; x_wconf 70' lang='lat' dir='ltr'>sc„</span> <span class='ocrx_word' id='word_1_99' title='bbox 2636 1534 2881 1617; x_wconf 85' lang='lat' dir='ltr'>peccati</span> 
     </span>
     <span class='ocr_line' id='line_1_11' title="bbox 491 1637 2883 1721; baseline 0.001 -20"><span class='ocrx_word' id='word_1_100' title='bbox 491 1638 756 1702; x_wconf 85' lang='lat' dir='ltr'>admissi</span> <span class='ocrx_word' id='word_1_101' title='bbox 798 1648 862 1701; x_wconf 91' lang='lat' dir='ltr'>et</span> <span class='ocrx_word' id='word_1_102' title='bbox 903 1637 1310 1718; x_wconf 89' lang='lat' dir='ltr'>propositum</span> <span class='ocrx_word' id='word_1_103' title='bbox 1349 1637 1844 1719; x_wconf 83' lang='lat' dir='ltr'>cautionemque</span> <span class='ocrx_word' id='word_1_104' title='bbox 1883 1658 1965 1702; x_wconf 88' lang='lat' dir='ltr'>ne</span> <span class='ocrx_word' id='word_1_105' title='bbox 2005 1637 2161 1719; x_wconf 93' lang='lat' dir='ltr'>quid</span> <span class='ocrx_word' id='word_1_106' title='bbox 2203 1637 2582 1719; x_wconf 88' lang='lat' dir='ltr'>hujusmodi</span> <span class='ocrx_word' id='word_1_107' title='bbox 2626 1638 2693 1701; x_wconf 89' lang='lat' dir='ltr'>in</span> <span class='ocrx_word' id='word_1_108' title='bbox 2732 1658 2883 1721; x_wconf 89' lang='lat' dir='ltr'>pos·</span> 
     </span>
     <span class='ocr_line' id='line_1_12' title="bbox 490 1740 2883 1831; baseline 0 -26"><span class='ocrx_word' id='word_1_109' title='bbox 490 1751 703 1805; x_wconf 88' lang='lat' dir='ltr'>terum</span> <span class='ocrx_word' id='word_1_110' title='bbox 740 1741 1200 1805; x_wconf 84' lang='lat' dir='ltr'>committatur.</span> <span class='ocrx_word' id='word_1_111' title='bbox 1286 1741 1460 1804; x_wconf 90' lang='lat' dir='ltr'>Nam</span> <span class='ocrx_word' id='word_1_112' title='bbox 1497 1741 1608 1822; x_wconf 91' lang='lat' dir='ltr'>qui</span> <span class='ocrx_word' id='word_1_113' title='bbox 1647 1741 1859 1805; x_wconf 88' lang='lat' dir='ltr'>amieo</span> <span class='ocrx_word' id='word_1_114' title='bbox 1899 1740 2297 1805; x_wconf 89' lang='lat' dir='ltr'>reconciliari</span> <span class='ocrx_word' id='word_1_115' title='bbox 2338 1742 2513 1831; x_wconf 45' lang='lat' dir='ltr'>velit?</span> <span class='ocrx_word' id='word_1_116' title='bbox 2552 1762 2745 1824; x_wconf 90' lang='lat' dir='ltr'>quem</span> <span class='ocrx_word' id='word_1_117' title='bbox 2786 1742 2883 1805; x_wconf 67' lang='lat' dir='ltr'>in·-</span> 
     </span>
     <span class='ocr_line' id='line_1_13' title="bbox 493 1844 2880 1927; baseline 0.001 -19"><span class='ocrx_word' id='word_1_118' title='bbox 493 1845 666 1926; x_wconf 89' lang='lat' dir='ltr'>juria</span> <span class='ocrx_word' id='word_1_119' title='bbox 709 1844 924 1927; x_wconf 88' lang='lat' dir='ltr'>aliqua</span> <span class='ocrx_word' id='word_1_120' title='bbox 967 1844 1281 1918; x_wconf 86' lang='lat' dir='ltr'>affecerit,</span> <span class='ocrx_word' id='word_1_121' title='bbox 1327 1855 1391 1908; x_wconf 89' lang='lat' dir='ltr'>et</span> <span class='ocrx_word' id='word_1_122' title='bbox 1435 1844 1650 1908; x_wconf 91' lang='lat' dir='ltr'>doleat</span> <span class='ocrx_word' id='word_1_123' title='bbox 1693 1855 1952 1926; x_wconf 86' lang='lat' dir='ltr'>oportet</span> <span class='ocrx_word' id='word_1_124' title='bbox 1993 1846 2169 1927; x_wconf 87' lang='lat' dir='ltr'>quod</span> <span class='ocrx_word' id='word_1_125' title='bbox 2216 1845 2283 1908; x_wconf 91' lang='lat' dir='ltr'>in</span> <span class='ocrx_word' id='word_1_126' title='bbox 2316 1866 2478 1910; x_wconf 88' lang='lat' dir='ltr'>eum</span> <span class='ocrx_word' id='word_1_127' title='bbox 2522 1846 2880 1927; x_wconf 88' lang='lat' dir='ltr'>injuriosus</span> 
     </span>
     <span class='ocr_line' id='line_1_14' title="bbox 490 1947 2879 2032; baseline 0 -20"><span class='ocrx_word' id='word_1_128' title='bbox 490 1959 554 2012; x_wconf 90' lang='lat' dir='ltr'>et</span> <span class='ocrx_word' id='word_1_129' title='bbox 593 1948 1100 2013; x_wconf 87' lang='lat' dir='ltr'>contumeliosus</span> <span class='ocrx_word' id='word_1_130' title='bbox 1141 1947 1376 2024; x_wconf 80' lang='lat' dir='ltr'>fuerit3</span> <span class='ocrx_word' id='word_1_131' title='bbox 1416 1959 1480 2012; x_wconf 90' lang='lat' dir='ltr'>et</span> <span class='ocrx_word' id='word_1_132' title='bbox 1521 1948 1863 2030; x_wconf 85' lang='lat' dir='ltr'>diligenter</span> <span class='ocrx_word' id='word_1_133' title='bbox 1902 1949 2149 2030; x_wconf 89' lang='lat' dir='ltr'>reliquo</span> <span class='ocrx_word' id='word_1_134' title='bbox 2189 1958 2480 2031; x_wconf 90' lang='lat' dir='ltr'>tempore</span> <span class='ocrx_word' id='word_1_135' title='bbox 2520 1950 2879 2032; x_wconf 87' lang='lat' dir='ltr'>provideat,</span> 
     </span>
     <span class='ocr_line' id='line_1_15' title="bbox 490 2051 2880 2136; baseline 0 -20"><span class='ocrx_word' id='word_1_136' title='bbox 490 2073 570 2116; x_wconf 88' lang='lat' dir='ltr'>ne</span> <span class='ocrx_word' id='word_1_137' title='bbox 602 2054 732 2134; x_wconf 84' lang='lat' dir='ltr'>qua</span> <span class='ocrx_word' id='word_1_138' title='bbox 762 2051 830 2114; x_wconf 91' lang='lat' dir='ltr'>in</span> <span class='ocrx_word' id='word_1_139' title='bbox 863 2073 933 2117; x_wconf 89' lang='lat' dir='ltr'>re</span> <span class='ocrx_word' id='word_1_140' title='bbox 965 2052 1315 2115; x_wconf 84' lang='lat' dir='ltr'>amicitiam</span> <span class='ocrx_word' id='word_1_141' title='bbox 1350 2052 1612 2117; x_wconf 89' lang='lat' dir='ltr'>laesisse</span> <span class='ocrx_word' id='word_1_142' title='bbox 1645 2052 2063 2117; x_wconf 78' lang='lat' dir='ltr'>videatur”⁴⁰.</span> <span class='ocrx_word' id='word_1_143' title='bbox 2136 2053 2297 2135; x_wconf 89' lang='lat' dir='ltr'>Jure</span> <span class='ocrx_word' id='word_1_144' title='bbox 2330 2052 2880 2136; x_wconf 85' lang='lat' dir='ltr'>ergomeritoque</span> 
     </span>
     <span class='ocr_line' id='line_1_16' title="bbox 493 2155 2879 2238; baseline 0.001 -20"><span class='ocrx_word' id='word_1_145' title='bbox 493 2155 930 2220; x_wconf 78' lang='lat' dir='ltr'>Tertullianus</span> <span class='ocrx_word' id='word_1_146' title='bbox 968 2156 1451 2238; x_wconf 90' lang='lat' dir='ltr'>poenitentiam,</span> <span class='ocrx_word' id='word_1_147' title='bbox 1490 2177 1656 2237; x_wconf 88' lang='lat' dir='ltr'>quae</span> <span class='ocrx_word' id='word_1_148' title='bbox 1695 2177 1916 2221; x_wconf 88' lang='lat' dir='ltr'>secum</span> <span class='ocrx_word' id='word_1_149' title='bbox 1956 2177 2088 2220; x_wconf 92' lang='lat' dir='ltr'>non</span> <span class='ocrx_word' id='word_1_150' title='bbox 2128 2156 2325 2221; x_wconf 87' lang='lat' dir='ltr'>affert</span> <span class='ocrx_word' id='word_1_151' title='bbox 2361 2158 2879 2221; x_wconf 89' lang='lat' dir='ltr'>emendationem</span> 
     </span>
     <span class='ocr_line' id='line_1_17' title="bbox 487 2259 2881 2341; baseline -0 -17"><span class='ocrx_word' id='word_1_152' title='bbox 487 2260 679 2335; x_wconf 88' lang='lat' dir='ltr'>vitae,</span> <span class='ocrx_word' id='word_1_153' title='bbox 699 2280 944 2324; x_wconf 77' lang='lat' dir='ltr'>vanam</span> <span class='ocrx_word' id='word_1_154' title='bbox 973 2260 1297 2341; x_wconf 88' lang='lat' dir='ltr'>appellare</span> <span class='ocrx_word' id='word_1_155' title='bbox 1325 2281 1458 2324; x_wconf 92' lang='lat' dir='ltr'>non</span> <span class='ocrx_word' id='word_1_156' title='bbox 1485 2260 1839 2324; x_wconf 89' lang='lat' dir='ltr'>dubitavit:</span> <span class='ocrx_word' id='word_1_157' title='bbox 1914 2259 2087 2324; x_wconf 90' lang='lat' dir='ltr'>“Ubi</span> <span class='ocrx_word' id='word_1_158' title='bbox 2120 2270 2331 2325; x_wconf 84' lang='lat' dir='ltr'>metus</span> <span class='ocrx_word' id='word_1_159' title='bbox 2362 2260 2881 2336; x_wconf 86' lang='lat' dir='ltr'>nullus,—-ait,—</span> 
     </span>
     <span class='ocr_line' id='line_1_18' title="bbox 486 2363 2877 2446; baseline 0.001 -19"><span class='ocrx_word' id='word_1_160' title='bbox 486 2364 852 2428; x_wconf 89' lang='lat' dir='ltr'>emendatio</span> <span class='ocrx_word' id='word_1_161' title='bbox 886 2364 1159 2445; x_wconf 88' lang='lat' dir='ltr'>proinde</span> <span class='ocrx_word' id='word_1_162' title='bbox 1195 2364 1408 2439; x_wconf 89' lang='lat' dir='ltr'>nulla;</span> <span class='ocrx_word' id='word_1_163' title='bbox 1442 2364 1552 2427; x_wconf 90' lang='lat' dir='ltr'>ubi</span> <span class='ocrx_word' id='word_1_164' title='bbox 1588 2363 1957 2429; x_wconf 89' lang='lat' dir='ltr'>emendatio</span> <span class='ocrx_word' id='word_1_165' title='bbox 1993 2365 2191 2439; x_wconf 88' lang='lat' dir='ltr'>nulla,</span> <span class='ocrx_word' id='word_1_166' title='bbox 2226 2364 2623 2446; x_wconf 88' lang='lat' dir='ltr'>poenitentia</span> <span class='ocrx_word' id='word_1_167' title='bbox 2659 2384 2877 2429; x_wconf 89' lang='lat' dir='ltr'>neces—</span> 
     </span>
     <span class='ocr_line' id='line_1_19' title="bbox 489 2467 2875 2549; baseline 0 -18"><span class='ocrx_word' id='word_1_168' title='bbox 489 2467 660 2531; x_wconf 88' lang='lat' dir='ltr'>sario</span> <span class='ocrx_word' id='word_1_169' title='bbox 707 2488 896 2543; x_wconf 89' lang='lat' dir='ltr'>vana,</span> <span class='ocrx_word' id='word_1_170' title='bbox 945 2468 1098 2549; x_wconf 89' lang='lat' dir='ltr'>quia</span> <span class='ocrx_word' id='word_1_171' title='bbox 1143 2478 1321 2531; x_wconf 91' lang='lat' dir='ltr'>caret</span> <span class='ocrx_word' id='word_1_172' title='bbox 1373 2468 1594 2532; x_wconf 81' lang='lat' dir='ltr'>fructu</span> <span class='ocrx_word' id='word_1_173' title='bbox 1643 2489 1782 2543; x_wconf 91' lang='lat' dir='ltr'>su0,</span> <span class='ocrx_word' id='word_1_174' title='bbox 1830 2468 1934 2532; x_wconf 90' lang='lat' dir='ltr'>eui</span> <span class='ocrx_word' id='word_1_175' title='bbox 1981 2488 2126 2533; x_wconf 87' lang='lat' dir='ltr'>eam</span> <span class='ocrx_word' id='word_1_176' title='bbox 2176 2467 2355 2533; x_wconf 92' lang='lat' dir='ltr'>Deus</span> <span class='ocrx_word' id='word_1_177' title='bbox 2406 2468 2589 2545; x_wconf 87' lang='lat' dir='ltr'>sevit,</span> <span class='ocrx_word' id='word_1_178' title='bbox 2639 2469 2707 2533; x_wconf 90' lang='lat' dir='ltr'>id</span> <span class='ocrx_word' id='word_1_179' title='bbox 2757 2478 2875 2544; x_wconf 89' lang='lat' dir='ltr'>est,</span> 
     </span>
     <span class='ocr_line' id='line_1_20' title="bbox 486 2570 2876 2637; baseline 0 -5"><span class='ocrx_word' id='word_1_180' title='bbox 486 2570 732 2633; x_wconf 88' lang='lat' dir='ltr'>homini</span> <span class='ocrx_word' id='word_1_181' title='bbox 783 2570 1093 2635; x_wconf 78' lang='lat' dir='ltr'>saluti&#39;’⁴¹.·</span> <span class='ocrx_word' id='word_1_182' title='bbox 1185 2571 1293 2633; x_wconf 92' lang='lat' dir='ltr'>Ex</span> <span class='ocrx_word' id='word_1_183' title='bbox 1341 2571 1465 2635; x_wconf 87' lang='lat' dir='ltr'>hoc</span> <span class='ocrx_word' id='word_1_184' title='bbox 1513 2581 1730 2635; x_wconf 87' lang='lat' dir='ltr'>tamen</span> <span class='ocrx_word' id='word_1_185' title='bbox 1781 2592 1973 2635; x_wconf 90' lang='lat' dir='ltr'>nemo</span> <span class='ocrx_word' id='word_1_186' title='bbox 2022 2571 2299 2635; x_wconf 88' lang='lat' dir='ltr'>deducat</span> <span class='ocrx_word' id='word_1_187' title='bbox 2350 2592 2483 2635; x_wconf 92' lang='lat' dir='ltr'>non</span> <span class='ocrx_word' id='word_1_188' title='bbox 2533 2591 2674 2636; x_wconf 89' lang='lat' dir='ltr'>esse</span> <span class='ocrx_word' id='word_1_189' title='bbox 2724 2591 2876 2637; x_wconf 90' lang='lat' dir='ltr'>vere</span> 
     </span>
     <span class='ocr_line' id='line_1_21' title="bbox 484 2673 2875 2757; baseline -0.001 -19"><span class='ocrx_word' id='word_1_190' title='bbox 484 2674 940 2755; x_wconf 89' lang='lat' dir='ltr'>poenitentem,</span> <span class='ocrx_word' id='word_1_191' title='bbox 973 2674 1084 2756; x_wconf 88' lang='lat' dir='ltr'>qui</span> <span class='ocrx_word' id='word_1_192' title='bbox 1119 2674 1354 2738; x_wconf 89' lang='lat' dir='ltr'>iterum</span> <span class='ocrx_word' id='word_1_193' title='bbox 1390 2685 1629 2755; x_wconf 83' lang='lat' dir='ltr'>peccat.</span> <span class='ocrx_word' id='word_1_194' title='bbox 1711 2673 1781 2739; x_wconf 89' lang='lat' dir='ltr'>Si</span> <span class='ocrx_word' id='word_1_195' title='bbox 1818 2695 1962 2739; x_wconf 86' lang='lat' dir='ltr'>non¹</span> <span class='ocrx_word' id='word_1_196' title='bbox 1984 2675 2271 2739; x_wconf 87' lang='lat' dir='ltr'>excludit</span> <span class='ocrx_word' id='word_1_197' title='bbox 2303 2675 2611 2757; x_wconf 91' lang='lat' dir='ltr'>peccandi</span> <span class='ocrx_word' id='word_1_198' title='bbox 2645 2674 2875 2739; x_wconf 85' lang='lat' dir='ltr'>volun-</span> 
     </span>
     <span class='ocr_line' id='line_1_22' title="bbox 483 2777 2874 2862; baseline 0.001 -21"><span class='ocrx_word' id='word_1_199' title='bbox 483 2788 704 2853; x_wconf 87' lang='lat' dir='ltr'>tatem,</span> <span class='ocrx_word' id='word_1_200' title='bbox 739 2788 912 2842; x_wconf 87' lang='lat' dir='ltr'>certe</span> <span class='ocrx_word' id='word_1_201' title='bbox 946 2798 1078 2842; x_wconf 90' lang='lat' dir='ltr'>non</span> <span class='ocrx_word' id='word_1_202' title='bbox 1112 2789 1210 2843; x_wconf 88' lang='lat' dir='ltr'>est</span> <span class='ocrx_word' id='word_1_203' title='bbox 1246 2799 1398 2842; x_wconf 89' lang='lat' dir='ltr'>vere</span> <span class='ocrx_word' id='word_1_204' title='bbox 1431 2778 1789 2862; x_wconf 89' lang='lat' dir='ltr'>poenitens,</span> <span class='ocrx_word' id='word_1_205' title='bbox 1826 2778 2027 2843; x_wconf 92' lang='lat' dir='ltr'>immo</span> <span class='ocrx_word' id='word_1_206' title='bbox 2064 2799 2196 2842; x_wconf 88' lang='lat' dir='ltr'>non</span> <span class='ocrx_word' id='word_1_207' title='bbox 2234 2789 2332 2843; x_wconf 91' lang='lat' dir='ltr'>est</span> <span class='ocrx_word' id='word_1_208' title='bbox 2367 2777 2705 2861; x_wconf 85' lang='lat' dir='ltr'>poenitens</span> <span class='ocrx_word' id='word_1_209' title='bbox 2741 2779 2874 2843; x_wconf 93' lang='lat' dir='ltr'>ullo</span> 
     </span>
     <span class='ocr_line' id='line_1_23' title="bbox 483 2881 2874 2964; baseline 0 -20"><span class='ocrx_word' id='word_1_210' title='bbox 483 2883 697 2946; x_wconf 90' lang='lat' dir='ltr'>modo.</span> <span class='ocrx_word' id='word_1_211' title='bbox 787 2881 857 2946; x_wconf 88' lang='lat' dir='ltr'>Si</span> <span class='ocrx_word' id='word_1_212' title='bbox 899 2902 1056 2947; x_wconf 90' lang='lat' dir='ltr'>vero</span> <span class='ocrx_word' id='word_1_213' title='bbox 1101 2882 1388 2946; x_wconf 87' lang='lat' dir='ltr'>excludit</span> <span class='ocrx_word' id='word_1_214' title='bbox 1431 2882 1606 2945; x_wconf 90' lang='lat' dir='ltr'>illam</span> <span class='ocrx_word' id='word_1_215' title='bbox 1649 2883 2072 2958; x_wconf 86' lang='lat' dir='ltr'>voluntatem,</span> <span class='ocrx_word' id='word_1_216' title='bbox 2116 2892 2271 2947; x_wconf 88' lang='lat' dir='ltr'>tune</span> <span class='ocrx_word' id='word_1_217' title='bbox 2314 2893 2413 2947; x_wconf 89' lang='lat' dir='ltr'>est</span> <span class='ocrx_word' id='word_1_218' title='bbox 2454 2903 2609 2946; x_wconf 85' lang='lat' dir='ltr'>vere</span> <span class='ocrx_word' id='word_1_219' title='bbox 2651 2882 2874 2964; x_wconf 91' lang='lat' dir='ltr'>poeni-</span> 
     </span>
     <span class='ocr_line' id='line_1_24' title="bbox 481 2986 2873 3069; baseline 0.001 -21"><span class='ocrx_word' id='word_1_220' title='bbox 481 2995 660 3061; x_wconf 88' lang='lat' dir='ltr'>tens;</span> <span class='ocrx_word' id='word_1_221' title='bbox 688 2986 841 3067; x_wconf 89' lang='lat' dir='ltr'>quia</span> <span class='ocrx_word' id='word_1_222' title='bbox 862 2986 1048 3067; x_wconf 90' lang='lat' dir='ltr'>ponit</span> <span class='ocrx_word' id='word_1_223' title='bbox 1076 2986 1465 3050; x_wconf 88' lang='lat' dir='ltr'>elementum</span> <span class='ocrx_word' id='word_1_224' title='bbox 1493 2987 1857 3051; x_wconf 91' lang='lat' dir='ltr'>necessario</span> <span class='ocrx_word' id='word_1_225' title='bbox 1888 2986 2291 3069; x_wconf 89' lang='lat' dir='ltr'>requisitum,</span> <span class='ocrx_word' id='word_1_226' title='bbox 2320 2986 2617 3067; x_wconf 85' lang='lat' dir='ltr'>quamvis</span> <span class='ocrx_word' id='word_1_227' title='bbox 2647 2995 2873 3067; x_wconf 89' lang='lat' dir='ltr'>postea</span> 
     </span>
     <span class='ocr_line' id='line_1_25' title="bbox 486 3089 2312 3172; baseline 0.002 -21"><span class='ocrx_word' id='word_1_228' title='bbox 486 3089 838 3171; x_wconf 81' lang='lat' dir='ltr'>fragilitate</span> <span class='ocrx_word' id='word_1_229' title='bbox 873 3090 1158 3154; x_wconf 89' lang='lat' dir='ltr'>humana</span> <span class='ocrx_word' id='word_1_230' title='bbox 1195 3090 1431 3155; x_wconf 89' lang='lat' dir='ltr'>iterum</span> <span class='ocrx_word' id='word_1_231' title='bbox 1468 3090 1536 3153; x_wconf 95' lang='lat' dir='ltr'>in</span> <span class='ocrx_word' id='word_1_232' title='bbox 1572 3101 1909 3172; x_wconf 86' lang='lat' dir='ltr'>peccatum</span> <span class='ocrx_word' id='word_1_233' title='bbox 1945 3089 2216 3155; x_wconf 90' lang='lat' dir='ltr'>labatur.</span> <span class='ocrx_word' id='word_1_234' title='bbox 2299 3117 2312 3133; x_wconf 88' lang='lat'>·-</span> 
     </span>
    </p>
   </div>
   <div class='ocr_carea' id='block_1_3' title="bbox 474 3209 2871 4430">
    <p class='ocr_par' dir='ltr' id='par_1_3' title="bbox 474 3209 2871 4430">
     <span class='ocr_line' id='line_1_26' title="bbox 569 3209 2871 3296; baseline -0 -23"><span class='ocrx_word' id='word_1_235' title='bbox 569 3210 698 3274; x_wconf 89' lang='lat' dir='ltr'>Sed</span> <span class='ocrx_word' id='word_1_236' title='bbox 750 3230 902 3274; x_wconf 89' lang='lat' dir='ltr'>vere</span> <span class='ocrx_word' id='word_1_237' title='bbox 951 3210 1288 3291; x_wconf 89' lang='lat' dir='ltr'>poenitens</span> <span class='ocrx_word' id='word_1_238' title='bbox 1338 3230 1470 3274; x_wconf 92' lang='lat' dir='ltr'>non</span> <span class='ocrx_word' id='word_1_239' title='bbox 1520 3220 1774 3295; x_wconf 86' lang='lat' dir='ltr'>tantum</span> <span class='ocrx_word' id='word_1_240' title='bbox 1824 3231 2054 3296; x_wconf 84' lang='lat' dir='ltr'>cavere</span> <span class='ocrx_word' id='word_1_241' title='bbox 2107 3209 2295 3274; x_wconf 91' lang='lat' dir='ltr'>debet</span> <span class='ocrx_word' id='word_1_242' title='bbox 2347 3218 2703 3291; x_wconf 88' lang='lat' dir='ltr'>peecatum,</span> <span class='ocrx_word' id='word_1_243' title='bbox 2758 3209 2871 3273; x_wconf 93' lang='lat' dir='ltr'>sed</span> 
     </span>
     <span class='ocr_line' id='line_1_27' title="bbox 478 3311 2870 3396; baseline 0 -21"><span class='ocrx_word' id='word_1_244' title='bbox 478 3312 675 3375; x_wconf 90' lang='lat' dir='ltr'>etiam</span> <span class='ocrx_word' id='word_1_245' title='bbox 709 3312 1078 3377; x_wconf 88' lang='lat' dir='ltr'>occasiones</span> <span class='ocrx_word' id='word_1_246' title='bbox 1113 3314 1380 3395; x_wconf 87' lang='lat' dir='ltr'>peceati,</span> <span class='ocrx_word' id='word_1_247' title='bbox 1414 3312 1698 3377; x_wconf 86' lang='lat' dir='ltr'>maxime</span> <span class='ocrx_word' id='word_1_248' title='bbox 1731 3313 2103 3396; x_wconf 88' lang='lat' dir='ltr'>proximas;</span> <span class='ocrx_word' id='word_1_249' title='bbox 2140 3313 2329 3376; x_wconf 91' lang='lat' dir='ltr'>debet</span> <span class='ocrx_word' id='word_1_250' title='bbox 2363 3312 2559 3377; x_wconf 91' lang='lat' dir='ltr'>etiam</span> <span class='ocrx_word' id='word_1_251' title='bbox 2594 3311 2870 3376; x_wconf 87' lang='lat' dir='ltr'>affectus</span> 
     </span>
     <span class='ocr_line' id='line_1_28' title="bbox 479 3415 2869 3499; baseline -0 -21"><span class='ocrx_word' id='word_1_252' title='bbox 479 3416 802 3479; x_wconf 89' lang='lat' dir='ltr'>moderari</span> <span class='ocrx_word' id='word_1_253' title='bbox 839 3426 1032 3497; x_wconf 89' lang='lat' dir='ltr'>atque</span> <span class='ocrx_word' id='word_1_254' title='bbox 1066 3417 1285 3481; x_wconf 90' lang='lat' dir='ltr'>conari</span> <span class='ocrx_word' id='word_1_255' title='bbox 1321 3416 1667 3499; x_wconf 89' lang='lat' dir='ltr'>positivam</span> <span class='ocrx_word' id='word_1_256' title='bbox 1702 3417 2036 3499; x_wconf 91' lang='lat' dir='ltr'>acquirere</span> <span class='ocrx_word' id='word_1_257' title='bbox 2072 3416 2479 3481; x_wconf 90' lang='lat' dir='ltr'>sanctitatem</span> <span class='ocrx_word' id='word_1_258' title='bbox 2514 3436 2631 3498; x_wconf 91' lang='lat' dir='ltr'>per</span> <span class='ocrx_word' id='word_1_259' title='bbox 2664 3415 2869 3479; x_wconf 87' lang='lat' dir='ltr'>virtu-</span> 
     </span>
     <span class='ocr_line' id='line_1_29' title="bbox 479 3510 2870 3603; baseline -0 -21"><span class='ocrx_word' id='word_1_260' title='bbox 479 3528 619 3582; x_wconf 90' lang='lat' dir='ltr'>tum</span> <span class='ocrx_word' id='word_1_261' title='bbox 678 3519 936 3600; x_wconf 90' lang='lat' dir='ltr'>praxim</span> <span class='ocrx_word' id='word_1_262' title='bbox 997 3512 1536 3603; x_wconf 88' lang='lat' dir='ltr'>propriarumque</span> <span class='ocrx_word' id='word_1_263' title='bbox 1598 3520 2067 3601; x_wconf 88' lang='lat' dir='ltr'>obligationum</span> <span class='ocrx_word' id='word_1_264' title='bbox 2128 3510 2672 3601; x_wconf 89' lang='lat' dir='ltr'>adimpletionem.</span> <span class='ocrx_word' id='word_1_265' title='bbox 2760 3516 2870 3582; x_wconf 88' lang='lat' dir='ltr'>Sic</span> 
     </span>
     <span class='ocr_line' id='line_1_30' title="bbox 478 3610 2867 3705; baseline -0.001 -20"><span class='ocrx_word' id='word_1_266' title='bbox 478 3610 784 3703; x_wconf 84' lang='lat' dir='ltr'>expresse</span> <span class='ocrx_word' id='word_1_267' title='bbox 833 3623 1140 3686; x_wconf 90' lang='lat' dir='ltr'>statuitur</span> <span class='ocrx_word' id='word_1_268' title='bbox 1187 3623 1360 3705; x_wconf 89' lang='lat' dir='ltr'>apud</span> <span class='ocrx_word' id='word_1_269' title='bbox 1407 3624 1791 3705; x_wconf 87' lang='lat' dir='ltr'>prophetam</span> <span class='ocrx_word' id='word_1_270' title='bbox 1839 3623 2109 3687; x_wconf 88' lang='lat' dir='ltr'>Ezeeh.:</span> <span class='ocrx_word' id='word_1_271' title='bbox 2201 3621 2318 3687; x_wconf 89' lang='lat' dir='ltr'>“Si</span> <span class='ocrx_word' id='word_1_272' title='bbox 2365 3632 2584 3685; x_wconf 89' lang='lat' dir='ltr'>autem</span> <span class='ocrx_word' id='word_1_273' title='bbox 2632 3614 2867 3702; x_wconf 84' lang='lat' dir='ltr'>impius</span> 
     </span>
     <span class='ocr_line' id='line_1_31' title="bbox 477 3722 2865 3809; baseline -0.001 -22"><span class='ocrx_word' id='word_1_274' title='bbox 477 3722 680 3806; x_wconf 84' lang='lat' dir='ltr'>egerit</span> <span class='ocrx_word' id='word_1_275' title='bbox 717 3725 1179 3806; x_wconf 90' lang='lat' dir='ltr'>poenitentiam</span> <span class='ocrx_word' id='word_1_276' title='bbox 1205 3727 1300 3790; x_wconf 85' lang='lat' dir='ltr'>ab</span> <span class='ocrx_word' id='word_1_277' title='bbox 1339 3727 1639 3791; x_wconf 90' lang='lat' dir='ltr'>omnibus</span> <span class='ocrx_word' id='word_1_278' title='bbox 1677 3726 1957 3809; x_wconf 89' lang='lat' dir='ltr'>peccatis</span> <span class='ocrx_word' id='word_1_279' title='bbox 1999 3726 2155 3801; x_wconf 89' lang='lat' dir='ltr'>suis,</span> <span class='ocrx_word' id='word_1_280' title='bbox 2194 3746 2359 3807; x_wconf 90' lang='lat' dir='ltr'>quae</span> <span class='ocrx_word' id='word_1_281' title='bbox 2402 3734 2707 3807; x_wconf 89' lang='lat' dir='ltr'>operatus</span> <span class='ocrx_word' id='word_1_282' title='bbox 2749 3732 2865 3797; x_wconf 89' lang='lat' dir='ltr'>est,</span> 
     </span>
     <span class='ocr_line' id='line_1_32' title="bbox 477 3826 2867 3912; baseline -0 -21"><span class='ocrx_word' id='word_1_283' title='bbox 477 3838 541 3891; x_wconf 91' lang='lat' dir='ltr'>et</span> <span class='ocrx_word' id='word_1_284' title='bbox 579 3829 957 3893; x_wconf 89' lang='lat' dir='ltr'>custodierit</span> <span class='ocrx_word' id='word_1_285' title='bbox 997 3831 1215 3894; x_wconf 90' lang='lat' dir='ltr'>omnia</span> <span class='ocrx_word' id='word_1_286' title='bbox 1254 3841 1596 3912; x_wconf 89' lang='lat' dir='ltr'>praecepta</span> <span class='ocrx_word' id='word_1_287' title='bbox 1634 3851 1799 3905; x_wconf 90' lang='lat' dir='ltr'>mea,</span> <span class='ocrx_word' id='word_1_288' title='bbox 1839 3840 1904 3894; x_wconf 90' lang='lat' dir='ltr'>et</span> <span class='ocrx_word' id='word_1_289' title='bbox 1947 3830 2176 3893; x_wconf 82' lang='lat' dir='ltr'>fecerit</span> <span class='ocrx_word' id='word_1_290' title='bbox 2214 3828 2533 3910; x_wconf 84' lang='lat' dir='ltr'>judicium</span> <span class='ocrx_word' id='word_1_291' title='bbox 2572 3838 2636 3891; x_wconf 91' lang='lat' dir='ltr'>et</span> <span class='ocrx_word' id='word_1_292' title='bbox 2677 3826 2867 3908; x_wconf 89' lang='lat' dir='ltr'>justi-</span> 
     </span>
     <span class='ocr_line' id='line_1_33' title="bbox 476 3924 2864 4014; baseline -0.002 -19"><span class='ocrx_word' id='word_1_293' title='bbox 476 3924 654 4007; x_wconf 89' lang='lat' dir='ltr'>tiam,</span> <span class='ocrx_word' id='word_1_294' title='bbox 691 3928 1039 3998; x_wconf 70' lang='lat' dir='ltr'>vita&#39;vivet</span> <span class='ocrx_word' id='word_1_295' title='bbox 1074 3944 1137 3998; x_wconf 92' lang='lat' dir='ltr'>et</span> <span class='ocrx_word' id='word_1_296' title='bbox 1173 3954 1306 3998; x_wconf 89' lang='lat' dir='ltr'>non</span> <span class='ocrx_word' id='word_1_297' title='bbox 1344 3932 1698 3998; x_wconf 88' lang='lat' dir='ltr'>morietur”</span> <span class='ocrx_word' id='word_1_298' title='bbox 1747 3933 1887 4014; x_wconf 88' lang='lat'><strong>(18,</strong></span> <span class='ocrx_word' id='word_1_299' title='bbox 1926 3932 2070 4012; x_wconf 81' lang='lat'><strong>21).</strong></span> <span class='ocrx_word' id='word_1_300' title='bbox 2156 3932 2339 3995; x_wconf 89' lang='lat' dir='ltr'>Idem</span> <span class='ocrx_word' id='word_1_301' title='bbox 2378 3930 2609 4013; x_wconf 92' lang='lat' dir='ltr'>repetit</span> <span class='ocrx_word' id='word_1_302' title='bbox 2646 3953 2707 3994; x_wconf 89' lang='lat' dir='ltr'>v.</span> <span class='ocrx_word' id='word_1_303' title='bbox 2750 3933 2828 3992; x_wconf 77' lang='lat'>27</span> <span class='ocrx_word' id='word_1_304' title='bbox 2848 3949 2864 3992; x_wconf 76' lang='grc' dir='ltr'><strong><em>ε</em></strong></span> 
     </span>
     <span class='ocr_line' id='line_1_34' title="bbox 476 4036 2864 4120; baseline -0.002 -22"><span class='ocrx_word' id='word_1_305' title='bbox 476 4036 604 4099; x_wconf 91' lang='lat' dir='ltr'>“Et</span> <span class='ocrx_word' id='word_1_306' title='bbox 639 4057 786 4100; x_wconf 90' lang='lat' dir='ltr'>cum</span> <span class='ocrx_word' id='word_1_307' title='bbox 822 4037 1129 4101; x_wconf 89' lang='lat' dir='ltr'>averterit</span> <span class='ocrx_word' id='word_1_308' title='bbox 1164 4059 1232 4102; x_wconf 92' lang='lat' dir='ltr'>se</span> <span class='ocrx_word' id='word_1_309' title='bbox 1270 4038 1506 4120; x_wconf 88' lang='lat' dir='ltr'>impius</span> <span class='ocrx_word' id='word_1_310' title='bbox 1541 4038 1622 4102; x_wconf 90' lang='lat' dir='ltr'>ab</span> <span class='ocrx_word' id='word_1_311' title='bbox 1659 4037 1986 4119; x_wconf 90' lang='lat' dir='ltr'>impietate</span> <span class='ocrx_word' id='word_1_312' title='bbox 2023 4057 2141 4100; x_wconf 90' lang='lat' dir='ltr'>sua</span> <span class='ocrx_word' id='word_1_313' title='bbox 2174 4055 2369 4117; x_wconf 89' lang='lat' dir='ltr'>quam</span> <span class='ocrx_word' id='word_1_314' title='bbox 2406 4043 2711 4116; x_wconf 89' lang='lat' dir='ltr'>operatus</span> <span class='ocrx_word' id='word_1_315' title='bbox 2745 4041 2864 4106; x_wconf 90' lang='lat' dir='ltr'>est,</span> 
     </span>
     <span class='ocr_line' id='line_1_35' title="bbox 474 4134 2863 4223; baseline -0.002 -20"><span class='ocrx_word' id='word_1_316' title='bbox 474 4149 539 4203; x_wconf 93' lang='lat' dir='ltr'>et</span> <span class='ocrx_word' id='word_1_317' title='bbox 585 4139 813 4204; x_wconf 86' lang='lat' dir='ltr'>fecerit</span> <span class='ocrx_word' id='word_1_318' title='bbox 855 4140 1174 4221; x_wconf 89' lang='lat' dir='ltr'>judicium</span> <span class='ocrx_word' id='word_1_319' title='bbox 1215 4152 1280 4206; x_wconf 90' lang='lat' dir='ltr'>et</span> <span class='ocrx_word' id='word_1_320' title='bbox 1323 4141 1662 4223; x_wconf 81' lang='lat' dir='ltr'>justitiam,&#39;</span> <span class='ocrx_word' id='word_1_321' title='bbox 1709 4141 1847 4223; x_wconf 92' lang='lat' dir='ltr'>ipse</span> <span class='ocrx_word' id='word_1_322' title='bbox 1890 4140 2174 4204; x_wconf 89' lang='lat' dir='ltr'>animam</span> <span class='ocrx_word' id='word_1_323' title='bbox 2220 4159 2404 4202; x_wconf 88' lang='lat' dir='ltr'>suam</span> <span class='ocrx_word' id='word_1_324' title='bbox 2450 4134 2863 4201; x_wconf 85' lang='lat' dir='ltr'>vivificabit”.</span> 
     </span>
     <span class='ocr_line' id='line_1_36' title="bbox 475 4240 2863 4327; baseline -0.003 -21"><span class='ocrx_word' id='word_1_325' title='bbox 475 4243 723 4307; x_wconf 85' lang='lat' dir='ltr'>Iterum</span> <span class='ocrx_word' id='word_1_326' title='bbox 755 4267 816 4308; x_wconf 89' lang='lat' dir='ltr'>v.</span> <span class='ocrx_word' id='word_1_327' title='bbox 854 4248 968 4308; x_wconf 87' lang='lat'>31:</span> <span class='ocrx_word' id='word_1_328' title='bbox 1047 4244 1401 4327; x_wconf 88' lang='lat' dir='ltr'>“Projicite</span> <span class='ocrx_word' id='word_1_329' title='bbox 1436 4267 1476 4310; x_wconf 87' lang='lat' dir='ltr'>a</span> <span class='ocrx_word' id='word_1_330' title='bbox 1509 4245 1694 4310; x_wconf 89' lang='lat' dir='ltr'>vobis</span> <span class='ocrx_word' id='word_1_331' title='bbox 1728 4264 1953 4309; x_wconf 90' lang='lat' dir='ltr'>omnes</span> <span class='ocrx_word' id='word_1_332' title='bbox 1989 4240 2575 4326; x_wconf 86' lang='lat' dir='ltr'>praevaricationes</span> <span class='ocrx_word' id='word_1_333' title='bbox 2612 4247 2863 4303; x_wconf 89' lang='lat' dir='ltr'>vestras</span> 
     </span>
     <span class='ocr_line' id='line_1_37' title="bbox 474 4340 2863 4430; baseline -0.003 -20"><span class='ocrx_word' id='word_1_334' title='bbox 474 4346 541 4410; x_wconf 91' lang='lat' dir='ltr'>in</span> <span class='ocrx_word' id='word_1_335' title='bbox 583 4347 815 4429; x_wconf 89' lang='lat' dir='ltr'>quibus</span> <span class='ocrx_word' id='word_1_336' title='bbox 857 4349 1282 4430; x_wconf 88' lang='lat' dir='ltr'>praevaricati</span> <span class='ocrx_word' id='word_1_337' title='bbox 1327 4349 1504 4424; x_wconf 88' lang='lat' dir='ltr'>estis,</span> <span class='ocrx_word' id='word_1_338' title='bbox 1546 4359 1610 4412; x_wconf 93' lang='lat' dir='ltr'>et</span> <span class='ocrx_word' id='word_1_339' title='bbox 1656 4348 1853 4411; x_wconf 80' lang='lat' dir='ltr'>facite</span> <span class='ocrx_word' id='word_1_340' title='bbox 1896 4346 2080 4411; x_wconf 85' lang='lat' dir='ltr'>vobis</span> <span class='ocrx_word' id='word_1_341' title='bbox 2122 4366 2237 4409; x_wconf 91' lang='lat' dir='ltr'>cor</span> <span class='ocrx_word' id='word_1_342' title='bbox 2278 4364 2522 4409; x_wconf 89' lang='lat' dir='ltr'>novum</span> <span class='ocrx_word' id='word_1_343' title='bbox 2552 4344 2632 4407; x_wconf 81' lang='lat' dir='ltr'>&#39;et</span> <span class='ocrx_word' id='word_1_344' title='bbox 2676 4340 2863 4423; x_wconf 89' lang='lat' dir='ltr'>spiri-</span> 
     </span>
    </p>
   </div>
   <div class='ocr_carea' id='block_1_4' title="bbox 467 4482 770 4495">
    <p class='ocr_par' dir='ltr' id='par_1_4' title="bbox 467 4482 770 4495">
     <span class='ocr_line' id='line_1_38' title="bbox 467 4482 770 4495; baseline 0 0"><span class='ocrx_word' id='word_1_345' title='bbox 467 4482 770 4495; x_wconf 95' lang='lat' dir='ltr'> </span> 
     </span>
    </p>
   </div>
   <div class='ocr_carea' id='block_1_5' title="bbox 553 4538 2749 4758">
    <p class='ocr_par' dir='ltr' id='par_1_5' title="bbox 553 4538 2749 4758">
     <span class='ocr_line' id='line_1_39' title="bbox 553 4538 2749 4609; baseline -0.001 -12"><span class='ocrx_word' id='word_1_346' title='bbox 553 4542 610 4582; x_wconf 77' lang='lat'>89</span> <span class='ocrx_word' id='word_1_347' title='bbox 628 4544 798 4609; x_wconf 83' lang='lat' dir='ltr'>Apud</span> <span class='ocrx_word' id='word_1_348' title='bbox 840 4538 1350 4609; x_wconf 84' lang='lat' dir='ltr'>Pesch,·-Prae1ect.</span> <span class='ocrx_word' id='word_1_349' title='bbox 1392 4544 1613 4609; x_wconf 71' lang='lat' dir='ltr'>Dogm„</span> <span class='ocrx_word' id='word_1_350' title='bbox 1654 4543 1765 4598; x_wconf 89' lang='lat' dir='ltr'>vol.</span> <span class='ocrx_word' id='word_1_351' title='bbox 1806 4542 1941 4607; x_wconf 89' lang='lat' dir='ltr'><strong>VII,</strong></span> <span class='ocrx_word' id='word_1_352' title='bbox 1980 4558 2031 4607; x_wconf 86' lang='lat' dir='ltr'>p.</span> <span class='ocrx_word' id='word_1_353' title='bbox 2076 4542 2151 4607; x_wconf 86' lang='grc' dir='ltr'>ΙΙ,</span> <span class='ocrx_word' id='word_1_354' title='bbox 2191 4560 2243 4596; x_wconf 91' lang='lat' dir='ltr'>n.</span> <span class='ocrx_word' id='word_1_355' title='bbox 2288 4541 2399 4606; x_wconf 89' lang='lat'>100,</span> <span class='ocrx_word' id='word_1_356' title='bbox 2440 4540 2571 4596; x_wconf 87' lang='lat' dir='ltr'>edit.</span> <span class='ocrx_word' id='word_1_357' title='bbox 2610 4540 2659 4594; x_wconf 85' lang='lat'>3.</span> <span class='ocrx_word' id='word_1_358' title='bbox 2743 4574 2749 4579; x_wconf 87' lang='lat'>-</span> 
     </span>
     <span class='ocr_line' id='line_1_40' title="bbox 553 4617 1292 4683; baseline 0.001 -12"><span class='ocrx_word' id='word_1_359' title='bbox 553 4617 610 4656; x_wconf 71' lang='lat'>4⁰</span> <span class='ocrx_word' id='word_1_360' title='bbox 630 4618 692 4674; x_wconf 90' lang='lat' dir='ltr'>P.</span> <span class='ocrx_word' id='word_1_361' title='bbox 740 4618 815 4683; x_wconf 88' lang='lat' dir='ltr'>II,</span> <span class='ocrx_word' id='word_1_362' title='bbox 859 4636 976 4683; x_wconf 77' lang='lat' dir='ltr'>cap.</span> <span class='ocrx_word' id='word_1_363' title='bbox 1019 4620 1068 4683; x_wconf 87' lang='grc'>5,</span> <span class='ocrx_word' id='word_1_364' title='bbox 1112 4638 1165 4673; x_wconf 86' lang='lat' dir='ltr'>n.</span> <span class='ocrx_word' id='word_1_365' title='bbox 1210 4620 1292 4673; x_wconf 84' lang='lat'>32.</span> 
     </span>
     <span class='ocr_line' id='line_1_41' title="bbox 553 4692 1276 4758; baseline -0.006 -9"><span class='ocrx_word' id='word_1_366' title='bbox 553 4692 608 4730; x_wconf 72' lang='lat'>⁴1</span> <span class='ocrx_word' id='word_1_367' title='bbox 629 4695 716 4749; x_wconf 90' lang='lat' dir='ltr'>De</span> <span class='ocrx_word' id='word_1_368' title='bbox 761 4694 995 4758; x_wconf 89' lang='lat' dir='ltr'>Poenit.,</span> <span class='ocrx_word' id='word_1_369' title='bbox 1038 4710 1155 4757; x_wconf 86' lang='lat' dir='ltr'>cap.</span> <span class='ocrx_word' id='word_1_370' title='bbox 1201 4692 1276 4746; x_wconf 91' lang='lat'>11.</span> 
     </span>
    </p>
   </div>
  </div>
 </body>
</html>
