3509 5267
542 493 627 556 94
849 494 950 557 De
988 492 1288 557 Cluvium
1318 493 1675 559 Potes-tatis
1708 495 2080 560 Existentia
2112 496 2332 578 Atque
2367 497 2647 564 Natura.

546 678 1031 743 Tantummodo
1086 678 1505 743 inveniuntur
1561 679 1837 762 vestigia
1891 701 1976 744 ex
2032 682 2266 764 quibus
2323 684 2666 749 deducitur
2718 685 2946 750 omnia

546 790 828 863 peccata,
884 781 1080 844 etiam
1131 781 1538 863 gravissima,
1590 803 1707 864 per
1758 783 2224 865 poenitentiam
2278 786 2488 850 deleta
2545 786 2771 863 fuisse,
2825 798 2945 852 aut

545 883 774 948 saltem
812 883 1155 948 deducitur
1196 883 1321 950 illis
1363 885 1764 968 temporibus
1804 885 2062 951 firmam
2104 888 2593 969 persuasionem
2634 901 2699 955 ct
2740 890 2942 954 fidem

542 985 841 1053 adfuisse
871 986 953 1051 de
983 986 1408 1069 possibilitate
1439 988 1661 1053 omnia
1691 998 1957 1070 peccata
1989 989 2265 1055 delendi.

631 1094 750 1169 Ita,
792 1093 869 1174 a)
918 1091 1114 1176 juxta
1155 1115 1380 1160 omncs
1425 1095 1655 1162 Patres
1699 1098 2175 1180 modernosque
2217 1110 2779 1176 commentatores,
2822 1122 2942 1166 ex-

540 1196 743 1278 ceptis
780 1197 1109 1262 nonnullis
1144 1196 1583 1274 rationalistis‚
1619 1199 1691 1264 S.
1726 1200 1994 1277 Paulus,
2031 1201 2387 1284 apostolica
2422 1203 2763 1270 clementia
2798 1223 2942 1267 mo-

542 1309 669 1374 tus,
709 1300 1149 1365 incestuosum
1190 1300 1583 1366 corinthium
1623 1302 1976 1368 absolvit⁸⁹.

626 1410 704 1492 b)
756 1412 1006 1476 Eadem
1047 1411 1210 1477 fides
1250 1412 1550 1476 firmatur
1596 1410 1774 1476 facto
1817 1412 1994 1494 quod
2035 1423 2262 1477 narrat
2305 1413 2606 1480 Clemens
2646 1415 2940 1478 Alexan-

542 1512 772 1580 drinus
803 1515 884 1578 de
914 1514 988 1579 S.
1022 1515 1274 1580 Ioanne
1309 1514 1707 1596 Apostotow.
1788 1515 2078 1580 Dilectus
2117 1515 2492 1598 Discipulus
2524 1527 2940 1582 converterat

542 1616 850 1698 juvenem
902 1617 1269 1700 quemdam,
1321 1617 1453 1700 qui,
1504 1628 1654 1700 post
1704 1617 2120 1700 baptismum,
2172 1617 2349 1701 viam
2399 1618 2782 1701 perditionis
2836 1618 2937 1683 ine

541 1740 803 1802 gressus
842 1729 960 1795 est,
998 1729 1063 1784 et
1101 1719 1414 1802 “insignis
1453 1721 1621 1785 latro
1661 1730 1821 1796 erat,
1861 1720 2188 1796 violentia,
2231 1721 2555 1797 caedibus,
2597 1722 2938 1786 atrocitate

541 1822 923 1887 excellens”.
1014 1822 1163 1887 Hoc
1210 1843 1342 1887 non
1389 1823 1705 1898 obstante,
1753 1823 2112 1905 Apostolus
2160 1823 2199 1905 J
2202 1843 2446 1890 oannes
2495 1824 2770 1888 multum
2820 1825 2936 1888 ad-

544 1925 793 1989 laborat
842 1945 964 2007 pro
1015 1926 1285 1991 latronis
1336 1925 1779 2002 conversione,
1830 1947 1906 1991 ac
1958 1926 2221 1991 tandem
2273 1927 2519 1991 obtinet
2570 1937 2643 1991 ut
2694 1926 2798 1991 hic
2847 1926 2937 1990 ad

540 2027 778 2091 bonam
821 2026 1081 2110 frugem
1121 2029 1361 2094 redeat.

626 2128 775 2193 Hoc
819 2139 1037 2195 autem
1087 2130 1336 2195 factum
1382 2141 1494 2195 aut
1540 2141 1790 2195 certum
1836 2142 1936 2196 est
1979 2142 2096 2196 aut
2142 2152 2292 2196 non.
2387 2131 2457 2196 Si
2503 2141 2753 2196 certum
2797 2140 2936 2206 est;

542 2251 698 2313 ergo
748 2253 975 2296 revera
1022 2234 1301 2299 clavium
1350 2243 1637 2316 potestas
1688 2235 1910 2298 omnia
1958 2234 2130 2299 delet
2180 2243 2461 2316 peccata.
2560 2233 2630 2298 Si
2683 2243 2934 2298 certum

541 2354 673 2398 non
716 2344 832 2411 est,
882 2335 1075 2400 fateri
1122 2336 1350 2401 saltem
1395 2336 1703 2401 debemus
1749 2337 2116 2418 primaevos
2161 2336 2548 2401 christianos
2594 2335 2935 2400 admisisse⁴

537 2436 1031 2517 possibilitatem
1087 2439 1307 2503 omnia
1364 2449 1627 2521 peccata
1685 2438 1940 2503 delendi
1997 2459 2116 2521 per
2172 2439 2452 2502 clavium
2509 2446 2935 2521 potestatem;

540 2559 723 2603 secus
764 2540 936 2604 enim
975 2561 1107 2604 non
1148 2541 1549 2606 invexissent
1589 2541 1968 2623 hujusmodi
2012 2541 2471 2606 narrationem.

626 2653 729 2718 Ob
730 2653 950 2734 j.—1n
986 2654 1243 2718 casibus
1283 2655 1364 2718 de
1406 2654 1614 2718 Paulo
1652 2664 1716 2718 et
1754 2653 2009 2735 Joanne
2049 2653 2384 2735 Apostolis
2422 2673 2556 2717 non
2593 2652 2810 2735 agitur
2850 2652 2933 2716 de

540 2756 840 2821 omnibus
878 2757 1176 2838 peccatis.

622 2865 987 2946 Resp.-In
1023 2863 1279 2930 casibus
1317 2865 1397 2929 de
1437 2865 1644 2929 Paulo
1680 2875 1746 2928 et
1782 2865 2035 2947 Joanne
2074 2864 2411 2946 Apostolis
2451 2884 2678 2928 revera
2717 2883 2930 2928 sermo

540 2986 673 3031 non
720 2977 818 3031 est
867 2968 948 3031 de
996 2966 1297 3032 omnibus
1344 2968 1643 3049 peccatis.
1740 2967 1872 3032 Sed
1921 2988 2071 3032 cum
2118 2976 2351 3049 agatur
2399 2968 2480 3031 de
2528 2965 2932 3048 yravissimis

538 3070 837 3151 peccatis,
888 3069 1257 3151 cujusmodi
1310 3080 1462 3134 sunt
1510 3070 1794 3135 incestus
1844 3080 1910 3135 et
1959 3069 2399 3145 homicidium,
2431 3068 2646 3134 .facile
2698 3067 2930 3132 deduci

537 3181 751 3254 potest
817 3172 1172 3255 Apostolos
1239 3172 1498 3237 veniam
1564 3173 1926 3238 concesisse
1994 3170 2344 3236 levioribus
2411 3170 2712 3255 peccatis,
2779 3189 2931 3233 cum

538 3273 796 3339 veniam
828 3295 960 3338 non
994 3276 1455 3358 denegaverint
1488 3275 1918 3358 gravioribus.

620 3388 692 3470 c)
744 3388 815 3453 S.
857 3388 1281 3471 Polycarpus‚
1326 3386 1393 3452 S.
1436 3385 1709 3468 Joannis
1754 3383 2129 3466 discipulus,
2172 3382 2586 3466 presbyteros
2631 3382 2929 3446 hortatur

536 3501 610 3556 ut
655 3491 785 3556 sint
828 3491 1281 3555 misericordes
1324 3509 1479 3571 erga
1522 3489 1760 3570 laps05,
1805 3496 1869 3552 ct
1914 3487 2176 3569 quidem
2222 3506 2378 3568 erga
2421 3494 2724 3560 cunctos;
2771 3502 2928 3564 ergo

538 3593 660 3676 ipsi
702 3614 860 3658 cura
900 3613 1031 3658 non
1071 3602 1215 3656 erat
1254 3593 1336 3657 de
1379 3591 1697 3673 gravitate
1740 3591 1983 3672 lapsus,
2026 3589 2383 3653 dummodo
2424 3607 2704 3670 persona
2747 3587 2928 3668 lapsa

536 3695 691 3760 velit
722 3694 1047 3778 corrigere
1079 3695 1322 3759 malum
1358 3695 1533 3777 quod
1566 3692 1923 3756 commisit:
2001 3689 2415 3772 “Presbyteri
2452 3689 2582 3754 sint
2616 3689 2700 3754 ad
2735 3688 2927 3752 mise-

538 3797 856 3862 rationem
922 3795 1133 3879 proni,
1200 3796 1651 3861 misericordes
1718 3814 1875 3876 erga
1941 3802 2230 3868 cunctOS,
2300 3791 2669 3856 aberrantia
2738 3790 2928 3853 redu-

535 3910 753 3964 centes
798 3949 813 3966 .
860 3951 875 3965 .
922 3950 938 3965 .
983 3920 1115 3963 non
1158 3899 1366 3964 severi
1409 3897 1603 3964 nimis
1645 3899 1713 3961 in
1753 3896 2023 3980 judicio,
2066 3896 2340 3961 scientes
2383 3915 2506 3959 nos
2547 3912 2772 3959 omnes
2815 3892 2927 3956 de-

534 4002 778 4067 bitores
815 4023 957 4067 csse
996 4002 1358 4084 peccati”⁷².

618 4110 700 4191 d)
734 4111 808 4176 S.
842 4111 1142 4177 Clemens
1167 4112 1526 4185 RomanuS,
1557 4110 1757 4192 Papa,
1787 4107 2146 4174 corinthios
2177 4106 2444 4171 rebelles
2472 4114 2700 4171 contra
2728 4100 2927 4168 eccle·

536 4213 831 4278 siasticos
886 4213 1254 4296 superiores
1305 4214 1604 4277 hortatur
1654 4222 1729 4277 ut
1783 4210 2260 4293 resipiscant⁷²;
2312 4219 2377 4273 et
2430 4208 2574 4284 hoc,
2627 4225 2760 4270 non
2813 4204 2926 4269 ob-

535 4325 746 4381 stante
776 4315 952 4397 quod
983 4316 1198 4398 agitur
1229 4316 1311 4379 de
1342 4315 1679 4391 seditione,
1711 4335 1908 4396 quam
1944 4312 2012 4378 S.
2047 4310 2365 4377 Pontifex
2396 4319 2586 4376 vocat
2618 4305 2926 4389 “impiam

533 4429 598 4483 et
629 4417 1119 4483 detestandam”
1163 4418 1338 4500 (cap.
1373 4417 1475 4500 1),
1506 4437 1636 4500 qua
1666 4415 1939 4499 contigit
1969 4415 2086 4480 “ut
2115 4411 2546 4479 honorificum
2577 4420 2643 4476 et
2677 4409 2926 4474 illustre

615 4586 815 4644 meir.
859 4589 885 4643 1
929 4586 1061 4644 Cor.
1100 4589 1149 4654 5,
1188 4589 1223 4643 4
1260 4598 1317 4645 et
1354 4587 1387 4643 2
1430 4586 1560 4644 Cor.
1599 4588 1648 4654 2,
1687 4587 1738 4643 5.
2012 4583 2066 4624 ⁷1
2089 4583 2288 4648 Rouet,
2321 4600 2376 4638 n.
2409 4581 2491 4637 ⁷3.

614 4661 673 4702 ‘2⁰
691 4663 773 4718 M.
810 4662 875 4719 P.
913 4662 995 4729 G„
1032 4661 1081 4728 9,
1118 4661 1233 4718 64⁷.
1890 4697 1898 4702 -
2009 4657 2067 4698 ⁷²
2087 4661 2116 4714 1
2159 4657 2293 4714 Cor.
