3509 5267
532 529 620 595 60
842 530 943 594 De
980 528 1277 593 Cluvium
1312 528 1668 591 Potestatis
1701 526 2072 592 Em‘stentia
2105 527 2324 608 Atque
2360 528 2431 591 N
2432 537 2639 592 utura.

622 708 993 790 Antequam
1046 706 1422 771 evolvamus
1474 705 1948 788 aliquantulum
1999 706 2172 771 hunc
2225 716 2479 771 textum
2536 706 2602 773 S.
2656 709 2929 790 Joannis

535 820 799 875 notetur
835 810 1099 892 expedit
1138 808 1469 873 confessio
1508 809 2053 885 adversariorum,
2094 808 2554 875 nonnullorum
2597 811 2933 875 saltem.—

535 914 654 977 Dr.
685 913 824 977 Lea
848 912 1133 976 admittit
1159 912 1282 976 hoc
1313 912 1380 974 in
1411 922 1597 977 textu
1627 912 1708 975 de
1737 921 2003 993 peccato
2033 912 2422 977 remittendo
2452 913 2577 994 agi.
2634 912 2765 977 Sed
2798 915 2930 978 duo

536 1017 764 1080 saltem
796 1035 962 1096 quae
999 1013 1158 1079 facit
1190 1014 1536 1096 approbari
1569 1024 1915 1099 nequeunt.
1989 1014 2322 1078 Primum.-
2355 1015 2626 1080 lectores
2661 1014 2930 1078 remittit

532 1119 620 1182 ad
645 1118 844 1182 verba
866 1117 938 1182 S.
967 1117 1309 1192 Matthaei,
1343 1120 1440 1191 18,
1471 1119 1582 1180 18:
1633 1116 1911 1191 “Amen,
1935 1115 2084 1181 dico
2108 1116 2294 1182 vobis
2320 1136 2761 1201 quaecumque
2788 1117 2929 1182 alli-

532 1220 842 1303 gaveritis
887 1270 902 1284 .
950 1270 965 1285 .
1012 1219 1090 1296 .’',
1123 1219 1205 1283 ad
1238 1220 1360 1283 hoc
1393 1230 1464 1283 ut
1497 1218 1857 1301 intelligant
1888 1220 2086 1283 verba
2122 1218 2188 1283 S.
2221 1219 2529 1301 Joannis:
2584 1219 2927 1301 “Quorum

535 1321 913 1387 remiseritis
959 1373 973 1387 .
1022 1372 1035 1386 .
1084 1321 1160 1386 .''.
1220 1321 1369 1387 Hoc
1402 1322 1663 1403 probari
1699 1342 1831 1386 non
1862 1331 2097 1404 potest,
2131 1341 2284 1387 nam
2317 1322 2515 1386 verba
2553 1320 2621 1387 S.
2655 1323 2927 1404 Joannis

536 1436 688 1490 sunt
722 1424 1022 1493 litteralia
1054 1436 1118 1490 et
1150 1426 1362 1506 plana,
1397 1426 1554 1489 dum
1587 1424 1787 1489 verba
1822 1424 1888 1489 S.
1926 1424 2244 1488 Matthaei
2281 1435 2433 1489 sunt
2467 1424 2925 1507 metaphorica.

537 1528 822 1610 Ideoque
858 1528 1186 1591 remittere
1223 1527 1492 1591 lectores
1531 1526 1597 1592 S.
1633 1527 1907 1609 Joannis
1942 1528 2026 1592 ad
2066 1526 2134 1591 S.
2175 1526 2585 1592 Matthaeum
2621 1526 2792 1591 idem
2828 1537 2927 1591 est

534 1651 614 1695 ac
652 1630 816 1694 velle
857 1630 1182 1712 explicare
1223 1651 1486 1695 sensum
1528 1630 1776 1693 clarum
1818 1649 1937 1712 per
1978 1650 2240 1694 sensum
2285 1630 2651 1706 obscurum,
2698 1631 2926 1694 saltem

536 1732 1025 1815 aliquantulum.
1128 1731 1277 1797 Hoc
1332 1743 1549 1796 autem
1606 1753 1798 1798 nemo
1855 1731 2216 1815 approbare
2273 1733 2929 1814 potest².--Alterum

533 1836 710 1918 quod
748 1835 1002 1899 admitti
1041 1835 1263 1917 nequit
1300 1835 1421 1898 hoc
1460 1844 1595 1899 est:
1635 1836 1781 1900 idea
1820 1836 1901 1901 de
1940 1835 2061 1899 hae
2099 1844 2418 1918 potestate
2458 1835 2717 1899 nonnisi
2757 1836 2925 1899 lente

534 1937 793 2002 evoluta
831 1948 930 2002 est
968 1957 1168 2019 penes
1205 1938 1518 2020 populum
1557 1938 2019 2014 christianum;
2060 1938 2280 2013 imm0,
2322 1938 2695 2002 addendum
2736 1947 2925 2011 esset,

534 2060 732 2123 penes
779 2040 955 2121 ipsos
1003 2040 1376 2122 ApostoIOS,
1422 2060 1572 2104 cum
1619 2040 1756 2104 Lea
1798 2041 1953 2104 citet
2000 2040 2067 2103 in
2114 2061 2305 2105 suum
2358 2040 2654 2104 favorem
2702 2060 2926 2104 casum

539 2143 714 2207 Petri
772 2163 920 2206 cum
979 2141 1244 2206 Simone
1302 2142 1526 2225 Mage,
1581 2162 1833 2207 necnon
1888 2163 2111 2207 casum
2172 2142 2239 2208 S.
2298 2143 2570 2224 Joannis
2625 2163 2776 2207 cum
2834 2143 2927 2206 la·

535 2247 769 2310 trone⁸.
872 2245 1152 2309 Admitti
1214 2255 1428 2327 potest
1486 2245 1849 2309 doctrinam
1910 2246 1992 2310 de
2052 2246 2173 2309 hac
2231 2255 2550 2327 potestate
2610 2245 2924 2328 paulatim

531 2358 958 2431 propagatam
1008 2348 1212 2412 fuisse
1258 2368 1456 2429 penes
1501 2349 1871 2430 primaevos
1916 2348 2341 2424 christianos;
2386 2349 2539 2430 quia
2584 2359 2726 2412 erat
2774 2348 2924 2412 doc-

531 2451 705 2514 trina
743 2470 933 2525 nova,
971 2460 1034 2515 et
1074 2451 1330 2515 nonnisi
1371 2471 1488 2534 per
1526 2451 1995 2534 Apostolorum
2034 2451 2582 2533 praedicationem
2622 2450 2923 2532 cognosci

532 2564 806 2636 poterat,
853 2554 960 2618 via
1007 2554 1372 2629 ordinaria;
1418 2554 1815 2635 praedicatio
1862 2563 2081 2617 autem
2125 2554 2479 2635 apostolica
2526 2573 2657 2617 non
2704 2554 2923 2618 statim

533 2657 771 2739 ubique
824 2666 1086 2739 peracta
1144 2655 1292 2731 fuit,
1348 2666 1422 2719 ut
1474 2666 1728 2719 constat
1784 2676 1868 2718 ex
1924 2655 2214 2719 historia.
2316 2656 2445 2720 Sed
2510 2657 2714 2721 falsae
2772 2667 2924 2721 sunt

533 2764 818 2828 rationes
851 2763 1168 2826 adductae
1202 2783 1242 2825 a
1278 2762 1394 2825 Dr.
1434 2762 1584 2824 Lea.
1664 2761 1819 2825 Una
1856 2760 2021 2824 ratio
2057 2770 2188 2824 est:
2269 2760 2560 2825 Ecclesia
2592 2759 2924 2843 primitiva

533 2866 778 2931 donum
820 2865 1020 2946 hujus
1062 2865 1402 2946 potestatis
1443 2862 1880 2927 consideravit
1920 2873 2252 2944 tamquam
2297 2862 2542 2927 donum
2582 2863 2921 2943 personale

531 2968 1018 3051 Apostolorum.
1100 2967 1286 3030 Haec
1323 2966 1490 3030 ratio
1527 2986 1659 3029 non
1698 2976 1798 3029 est
1838 2965 2024 3040 rati0,
2064 2966 2178 3029 sed
2218 2965 2595 3047 simpliciter
2634 2964 2922 3029 inventio

533 3071 817 3135 doctoris
858 3070 1011 3144 Lea,
1050 3070 1202 3152 quia
1241 3069 1489 3133 nullum
1524 3070 1989 3151 ‘documentum
2031 3068 2398 3150 primaevae
2441 3067 2768 3132 Ecclesiae
2808 3067 2923 3131 ad-

532 3174 912 3238 ducit—nec
953 3172 1276 3236 adducere
1317 3182 1745 3253 potest—quo
1788 3171 2049 3253 probari
2092 3171 2299 3253 possit
2341 3171 2709 3251 primaevos
2752 3169 2922 3234 chri-

533 3276 777 3339 stianos
817 3275 1196 3356 hujusmodi
1237 3274 1724 3356 persuasionem
1766 3272 2475 3338 habuisse.-—Secunda
2518 3273 2718 3337 ratio:
2759 3283 2922 3336 tem-

530 3398 690 3460 pore
733 3398 864 3459 quo
909 3376 1241 3458 evangelia
1287 3377 1652 3459 conscripta
1700 3375 1970 3440 fuerunt
2020 3396 2150 3439 non
2198 3375 2694 3457 exspectabatur
2740 3376 2920 3457 Apo-

533 3480 733 3544 stolos
783 3479 1018 3543 habere
1070 3499 1491 3543 successores.
1586 3479 1774 3543 Haec
1823 3478 1989 3543 ratio
2042 3478 2211 3541 falsa
2259 3488 2378 3553 est,
2427 3498 2579 3541 nam
2629 3488 2921 3560 tempore

528 3602 661 3663 quo
696 3581 762 3646 S.
794 3583 1080 3663 Joannes
1112 3602 1302 3645 suurn
1333 3582 1715 3663 conscripsit
1749 3581 2178 3663 Evangelium
2222 3580 2315 3661 (a.
2353 3580 2585 3661 80-95(
2607 3579 2673 3661 ἲ)
2693 3580 2749 3660 ),
2782 3580 2919 3662 jam

525 3684 728 3766 aliqui
775 3704 860 3747 ex
903 3684 1239 3766 Apostolis
1284 3685 1363 3748 de
1413 3684 1589 3749 facto
1633 3684 1999 3749 habuerunt
2045 3703 2468 3747 successores
2560 3683 2681 3758 Ita,
2725 3706 2789 3747 v.
2836 3704 2920 3764 g..

535 3785 601 3850 S.
652 3787 934 3868 Jacobus
984 3786 1210 3867 Major
1258 3787 1367 3867 qui
1416 3787 1501 3850 ad
1547 3787 1758 3850 caelos
1810 3786 2091 3850 evolavit
2138 3806 2193 3849 c.
2242 3807 2301 3849 a.
2352 3790 2469 3861 423
2522 3785 2588 3850 S.
2637 3784 2919 3870 Jacobus

529 3888 757 3952 Minor
800 3910 853 3952 c.
897 3909 955 3953 a.
1002 3893 1116 3964 63;
1162 3888 1228 3953 S.
1275 3890 1510 3953 Petrus
1553 3899 1617 3953 et
1661 3889 1904 3953 Paulus
1946 3908 2000 3953 c.
2044 3908 2103 3953 a.
2150 3892 2249 3951 64.

615 4003 794 4085 Quid
835 4004 1179 4068 dicendum
1220 4005 1303 4068 sit
1344 4005 1427 4068 ad
1468 4004 1626 4068 illud
1665 4005 1841 4085 quod
1882 4005 1998 4069 Dr.
2042 4005 2175 4068 Lea
2215 4004 2473 4087 profert
2514 4005 2596 4069 de
2635 4003 2921 4085 Aposto-

525 4106 610 4170 lis
653 4106 850 4170 Petro
894 4117 958 4170 et
998 4107 1250 4188 Joanne
1293 4107 1516 4189 paucis
1559 4106 2120 4189 comprehendam.

615 4221 1011 4303 Praeprimis
1059 4223 1416 4285 notandum
1467 4233 1564 4286 est
1617 4224 1838 4287 Drem.
1890 4223 2023 4286 Lea
2072 4221 2301 4286 calami
2352 4224 2605 4305 lapsum
2654 4222 2921 4287 commi-

526 4323 712 4397 sisse,
776 4324 1036 4405 quando
1102 4326 1268 4388 dixit
1336 4324 1707 4405 Philippum
1774 4325 2026 4389 misisse
2096 4325 2427 4389 Simonem
2496 4325 2769 4406 Magum
2835 4324 2920 4388 ad

527 4426 746 4489 Deum
765 4447 781 4502 3
831 4445 962 4489 non
1012 4427 1184 4490 enim
1240 4427 1366 4491 fuit
1418 4428 1777 4509 Philippus,
1829 4429 1943 4491 sed
1998 4428 2230 4491 Petrus
2280 4428 2389 4508 qui
2443 4428 2565 4492 hoc
2622 4427 2795 4503 fecit,
2846 4436 2919 4490 ut

610 4604 639 4643 ²
659 4605 783 4661 cfr.
820 4605 1015 4672 Casey,
1052 4606 1248 4671 NoteS,
1281 4624 1407 4673 pag.
1443 4607 1549 4661 6-7.

611 4688 783 4745 ⁸cfr.
828 4689 1024 4757 Casey,
1067 4690 1216 4756 ibid„
1258 4708 1384 4758 pag.
1429 4692 1570 4747 9-14.
